<?xml version="1.0" encoding="UTF-8"?>
<collection xmlns="http://www.loc.gov/MARC21/slim"
            xmlns:xsi="http://www.w3.org/2001/XMLSchema-instance"
            xsi:schemaLocation="http://www.loc.gov/MARC21/slim http://www.loc.gov/standards/marcxml/schema/MARC21slim.xsd">
   <record>
      <leader>00000nam a2200349 a 4500</leader>
      <controlfield tag="FMT"/>
      <controlfield tag="001">uzp000024607</controlfield>
      <controlfield tag="003">CZ PrUZP</controlfield>
      <controlfield tag="005">20131218142727.0</controlfield>
      <controlfield tag="008">050715s1865    cs                  czeo</controlfield>
      <datafield tag="020" ind1=" " ind2=" ">
        <subfield code="a">(váz.) :</subfield>
        <subfield code="c">4000.- Kč</subfield>
      </datafield>
      <datafield tag="040" ind1=" " ind2=" ">
        <subfield code="a">ABA009</subfield>
        <subfield code="b">cze</subfield>
      </datafield>
      <datafield tag="080" ind1=" " ind2=" ">
        <subfield code="a">664</subfield>
        <subfield code="2">MRF</subfield>
      </datafield>
      <datafield tag="084" ind1=" " ind2=" ">
        <subfield code="a">UQ01</subfield>
        <subfield code="2">agrovoc</subfield>
      </datafield>
      <datafield tag="100" ind1="1" ind2=" ">
        <subfield code="a">Šebor, František,</subfield>
        <subfield code="d">1838-1904</subfield>
        <subfield code="7">jk01122634</subfield>
      </datafield>
      <datafield tag="245" ind1="1" ind2="0">
        <subfield code="a">Cukrovárnictví pro začátečníky, hospodáře a průmyslníky /</subfield>
        <subfield code="c">František Šebor</subfield>
      </datafield>
      <datafield tag="260" ind1=" " ind2=" ">
        <subfield code="a">Praha :</subfield>
        <subfield code="b">Slovanské knihkupectví,</subfield>
        <subfield code="c">1865</subfield>
      </datafield>
      <datafield tag="300" ind1=" " ind2=" ">
        <subfield code="a">185 s. :</subfield>
        <subfield code="b">obr., tab.</subfield>
      </datafield>
      <datafield tag="541" ind1=" " ind2=" ">
        <subfield code="c">d</subfield>
      </datafield>
      <datafield tag="650" ind1="0" ind2="7">
        <subfield code="a">cukr</subfield>
        <subfield code="2">agroterm</subfield>
      </datafield>
      <datafield tag="650" ind1="0" ind2="7">
        <subfield code="a">cukrovarnictví</subfield>
        <subfield code="2">agroterm</subfield>
      </datafield>
      <datafield tag="650" ind1="0" ind2="7">
        <subfield code="a">výroba</subfield>
        <subfield code="2">agroterm</subfield>
      </datafield>
      <datafield tag="910" ind1=" " ind2=" ">
        <subfield code="a">ABA009</subfield>
        <subfield code="b">LS277</subfield>
        <subfield code="g">07014/96</subfield>
      </datafield>
      <datafield tag="920" ind1=" " ind2=" ">
        <subfield code="a">ZK 725233</subfield>
      </datafield>
      <datafield tag="964" ind1=" " ind2=" ">
        <subfield code="a">Cukr - výroba - technologie a zařízení - příručky - češ.</subfield>
      </datafield>
      <datafield tag="964" ind1=" " ind2=" ">
        <subfield code="a">Cukrovarnictví - příručky - češ.</subfield>
      </datafield>
      <datafield tag="974" ind1=" " ind2=" ">
        <subfield code="f">Knihy</subfield>
      </datafield>
      <controlfield tag="SYS"/>
   </record>