
   <record>
      <leader>00000cam a2200361 a 4500</leader>
      <controlfield tag="FMT"/>
      <controlfield tag="001">uzp000030247</controlfield>
      <controlfield tag="003">CZ PrUZP</controlfield>
      <controlfield tag="005">20140523151327.0</controlfield>
      <controlfield tag="007">ta</controlfield>
      <controlfield tag="008">101110s1866    xr     e f    000 0 cze</controlfield>
      <datafield tag="015" ind1=" " ind2=" ">
         <subfield code="a">cnb002149725</subfield>
      </datafield>
      <datafield tag="040" ind1=" " ind2=" ">
         <subfield code="b">cze</subfield>
         <subfield code="d">ABA009</subfield>
         <subfield code="a">ABA001</subfield>
      </datafield>
      <datafield tag="072" ind1=" " ind2="7">
         <subfield code="a">631</subfield>
         <subfield code="x">Zemědělství. Pedologie. Agrotechnika. Agroekologie</subfield>
         <subfield code="2">Konspekt</subfield>
         <subfield code="9">24</subfield>
      </datafield>
      <datafield tag="080" ind1=" " ind2=" ">
         <subfield code="a">628</subfield>
         <subfield code="2">MRF</subfield>
      </datafield>
      <datafield tag="080" ind1=" " ind2=" ">
         <subfield code="a">637</subfield>
         <subfield code="2">MRF</subfield>
      </datafield>
      <datafield tag="080" ind1=" " ind2=" ">
         <subfield code="a">631.8</subfield>
         <subfield code="2">MRF</subfield>
      </datafield>
      <datafield tag="080" ind1=" " ind2=" ">
         <subfield code="a">631.862</subfield>
         <subfield code="2">MRF</subfield>
      </datafield>
      <datafield tag="080" ind1=" " ind2=" ">
         <subfield code="a">(035)</subfield>
         <subfield code="2">MRF</subfield>
      </datafield>
      <datafield tag="084" ind1=" " ind2=" ">
         <subfield code="a">UJ04</subfield>
         <subfield code="2">agrovoc</subfield>
         <subfield code="a">UQ03</subfield>
      </datafield>
      <datafield tag="100" ind1="1" ind2=" ">
         <subfield code="a">Hněvkovský, Petr Miloslav,</subfield>
         <subfield code="d">1824-1878</subfield>
         <subfield code="7">jk01041384</subfield>
         <subfield code="4">aut</subfield>
      </datafield>
      <datafield tag="245" ind1="1" ind2="0">
         <subfield code="a">Navedení, jak rolník nejsnáze mnoho a dobrého hnoje získati může /</subfield>
         <subfield code="c">přispěním C.k. vlastenecko-hospodářské společnosti v království Českém sepsal a vydal Petr Miloslav Hněvkovský</subfield>
      </datafield>
      <datafield tag="260" ind1=" " ind2=" ">
         <subfield code="a">V Praze :</subfield>
         <subfield code="b">P.M. Hněvkovský,</subfield>
         <subfield code="c">1866</subfield>
         <subfield code="f">(Tiskem Antonína Renna)</subfield>
      </datafield>
      <datafield tag="300" ind1=" " ind2=" ">
         <subfield code="a">75 s. ;</subfield>
         <subfield code="c">19 cm</subfield>
      </datafield>
      <datafield tag="500" ind1=" " ind2=" ">
         <subfield code="a">Nad názvem: Cenou poctěný spis</subfield>
      </datafield>
      <datafield tag="541" ind1=" " ind2=" ">
         <subfield code="c">d</subfield>
      </datafield>
      <datafield tag="650" ind1="0" ind2="7">
         <subfield code="a">chlévská mrva</subfield>
         <subfield code="2">agroterm</subfield>
      </datafield>
      <datafield tag="650" ind1="0" ind2="7">
         <subfield code="a">hnojiva statková</subfield>
         <subfield code="2">agroterm</subfield>
      </datafield>
      <datafield tag="650" ind1="0" ind2="7">
         <subfield code="a">hnůj</subfield>
         <subfield code="2">agroterm</subfield>
      </datafield>
      <datafield tag="650" ind1="0" ind2="7">
         <subfield code="a">komposty</subfield>
         <subfield code="2">agroterm</subfield>
      </datafield>
      <datafield tag="650" ind1="0" ind2="7">
         <subfield code="a">hnojení</subfield>
         <subfield code="2">agroterm</subfield>
      </datafield>
      <datafield tag="655" ind1=" " ind2="7">
         <subfield code="a">příručky</subfield>
         <subfield code="7">fd133209</subfield>
         <subfield code="2">czenas</subfield>
      </datafield>
      <datafield tag="710" ind1="2" ind2=" ">
         <subfield code="a">C.k. vlastenecká hospodářská společnost</subfield>
         <subfield code="7">kn20060404003</subfield>
      </datafield>
      <datafield tag="910" ind1=" " ind2=" ">
         <subfield code="a">ABA009</subfield>
         <subfield code="k">r</subfield>
      </datafield>
      <datafield tag="920" ind1=" " ind2=" ">
         <subfield code="a">ZK 730943</subfield>
      </datafield>
      <datafield tag="964" ind1=" " ind2=" ">
         <subfield code="a">Hnůj - výroba a využití - brožury - češ.</subfield>
      </datafield>
      <controlfield tag="SYS"/>
   </record>