
   <record>
      <leader>00000nam a2200397 a 4500</leader>
      <controlfield tag="FMT"/>
      <controlfield tag="001">uzp000030582</controlfield>
      <controlfield tag="003">CZ PrUZP</controlfield>
      <controlfield tag="005">20110811161337.0</controlfield>
      <controlfield tag="008">050715s1865    cs                  czeo</controlfield>
      <datafield tag="020" ind1=" " ind2=" ">
         <subfield code="a">(váz.) :</subfield>
         <subfield code="c">200.- Kč</subfield>
      </datafield>
      <datafield tag="040" ind1=" " ind2=" ">
         <subfield code="a">ABA009</subfield>
         <subfield code="b">cze</subfield>
      </datafield>
      <datafield tag="080" ind1=" " ind2=" ">
         <subfield code="a">619</subfield>
         <subfield code="2">MRF</subfield>
      </datafield>
      <datafield tag="084" ind1=" " ind2=" ">
         <subfield code="a">UL052</subfield>
         <subfield code="2">agrovoc</subfield>
      </datafield>
      <datafield tag="100" ind1="1" ind2=" ">
         <subfield code="a">Špot, Karel,</subfield>
         <subfield code="d">1811-1875</subfield>
         <subfield code="7">jk01130934</subfield>
      </datafield>
      <datafield tag="245" ind1="1" ind2="0">
         <subfield code="a">Nemoci našich domácích a hospodářských zvířat ssavců a jich léčení s přidaným pojednáním o kování /</subfield>
         <subfield code="c">K. Špot</subfield>
      </datafield>
      <datafield tag="260" ind1=" " ind2=" ">
         <subfield code="a">Praha :</subfield>
         <subfield code="b">I. L. Kober,</subfield>
         <subfield code="c">1865</subfield>
      </datafield>
      <datafield tag="300" ind1=" " ind2=" ">
         <subfield code="a">254 s. :</subfield>
         <subfield code="b">38 obr., tab</subfield>
      </datafield>
      <datafield tag="490" ind1="1" ind2=" ">
         <subfield code="a">Rolník nového věku ;</subfield>
         <subfield code="v">23.</subfield>
      </datafield>
      <datafield tag="541" ind1=" " ind2=" ">
         <subfield code="c">d</subfield>
      </datafield>
      <datafield tag="562" ind1=" " ind2=" ">
         <subfield code="a">S 38 výkresy a slovníčkem plemenářským.</subfield>
      </datafield>
      <datafield tag="650" ind1="0" ind2="7">
         <subfield code="a">hospodářská zvířata</subfield>
         <subfield code="2">agroterm</subfield>
      </datafield>
      <datafield tag="650" ind1="0" ind2="7">
         <subfield code="a">léčiva</subfield>
         <subfield code="2">agroterm</subfield>
      </datafield>
      <datafield tag="650" ind1="0" ind2="7">
         <subfield code="a">nemoci</subfield>
         <subfield code="2">agroterm</subfield>
      </datafield>
      <datafield tag="650" ind1="0" ind2="7">
         <subfield code="a">zvířata domácí</subfield>
         <subfield code="2">agroterm</subfield>
      </datafield>
      <datafield tag="773" ind1="0" ind2=" ">
         <subfield code="w">ZK 731213</subfield>
         <subfield code="a">Rolník nového věku</subfield>
      </datafield>
      <datafield tag="830" ind1=" " ind2="0">
         <subfield code="a">Rolník nového věku</subfield>
      </datafield>
      <datafield tag="910" ind1=" " ind2=" ">
         <subfield code="a">ABA009</subfield>
         <subfield code="b">LZE194/23</subfield>
         <subfield code="g">04385/97</subfield>
      </datafield>
      <datafield tag="920" ind1=" " ind2=" ">
         <subfield code="a">ZK 731290</subfield>
      </datafield>
      <datafield tag="964" ind1=" " ind2=" ">
         <subfield code="a">Nemoci - domácí zvířata - léčení - příručky - češ.</subfield>
      </datafield>
      <datafield tag="964" ind1=" " ind2=" ">
         <subfield code="a">Nemoci hospodářských zvířat - léčení - příručky - češ.</subfield>
      </datafield>
      <datafield tag="974" ind1=" " ind2=" ">
         <subfield code="f">Knihy</subfield>
      </datafield>
      <controlfield tag="SYS"/>
   </record>