
   <record>
      <leader>00000nam a2200409 a 4500</leader>
      <controlfield tag="FMT"/>
      <controlfield tag="001">uzp000048334</controlfield>
      <controlfield tag="003">CZ PrUZP</controlfield>
      <controlfield tag="005">20111109135115.0</controlfield>
      <controlfield tag="008">050715s1879    xr                  czeo</controlfield>
      <datafield tag="020" ind1=" " ind2=" ">
         <subfield code="a">(váz.) :</subfield>
         <subfield code="c">110.- Kč</subfield>
      </datafield>
      <datafield tag="040" ind1=" " ind2=" ">
         <subfield code="a">ABA009</subfield>
         <subfield code="b">cze</subfield>
         <subfield code="e">ISBD</subfield>
         <subfield code="9">2</subfield>
      </datafield>
      <datafield tag="080" ind1=" " ind2=" ">
         <subfield code="a">636.5</subfield>
         <subfield code="2">MRF</subfield>
      </datafield>
      <datafield tag="084" ind1=" " ind2=" ">
         <subfield code="a">UL023</subfield>
         <subfield code="2">agrovoc</subfield>
      </datafield>
      <datafield tag="100" ind1="1" ind2=" ">
         <subfield code="a">Dumek, Josef,</subfield>
         <subfield code="d">1844-1903</subfield>
         <subfield code="7">jk01023310</subfield>
      </datafield>
      <datafield tag="245" ind1="1" ind2="0">
         <subfield code="a">Drůbežnictví.</subfield>
         <subfield code="n">1. díl,</subfield>
         <subfield code="p">Kúří chov /</subfield>
         <subfield code="c">Josef Dumek</subfield>
      </datafield>
      <datafield tag="246" ind1="3" ind2="0">
         <subfield code="a">Kúří chov</subfield>
      </datafield>
      <datafield tag="260" ind1=" " ind2=" ">
         <subfield code="a">Praha :</subfield>
         <subfield code="b">Alois Hynek,</subfield>
         <subfield code="c">1879?</subfield>
      </datafield>
      <datafield tag="300" ind1=" " ind2=" ">
         <subfield code="a">107 s. :</subfield>
         <subfield code="b">obr.</subfield>
      </datafield>
      <datafield tag="541" ind1=" " ind2=" ">
         <subfield code="c">d</subfield>
      </datafield>
      <datafield tag="650" ind1="0" ind2="7">
         <subfield code="a">chov drůbeže</subfield>
         <subfield code="2">agroterm</subfield>
      </datafield>
      <datafield tag="650" ind1="0" ind2="7">
         <subfield code="a">drůbež</subfield>
         <subfield code="2">agroterm</subfield>
      </datafield>
      <datafield tag="650" ind1="0" ind2="7">
         <subfield code="a">krmení</subfield>
         <subfield code="2">agroterm</subfield>
      </datafield>
      <datafield tag="650" ind1="0" ind2="7">
         <subfield code="a">nemoci</subfield>
         <subfield code="2">agroterm</subfield>
      </datafield>
      <datafield tag="650" ind1="0" ind2="7">
         <subfield code="a">plemena drůbeže</subfield>
         <subfield code="2">agroterm</subfield>
      </datafield>
      <datafield tag="650" ind1="0" ind2="7">
         <subfield code="a">slepice</subfield>
         <subfield code="2">agroterm</subfield>
      </datafield>
      <datafield tag="650" ind1="0" ind2="7">
         <subfield code="a">kohout</subfield>
         <subfield code="2">agroterm</subfield>
      </datafield>
      <datafield tag="910" ind1=" " ind2=" ">
         <subfield code="a">ABA009</subfield>
      </datafield>
      <datafield tag="920" ind1=" " ind2=" ">
         <subfield code="a">ZK 749191</subfield>
      </datafield>
      <datafield tag="964" ind1=" " ind2=" ">
         <subfield code="a">Drůbež - chov - příručky - češ.</subfield>
      </datafield>
      <datafield tag="964" ind1=" " ind2=" ">
         <subfield code="a">Drůbežnictví - příručky - češ.</subfield>
      </datafield>
      <datafield tag="974" ind1=" " ind2=" ">
         <subfield code="f">Knihy</subfield>
      </datafield>
      <controlfield tag="SYS"/>
   </record>