
   <record>
      <leader>00000nam a2200349 a 4500</leader>
      <controlfield tag="FMT"/>
      <controlfield tag="001">uzp000054920</controlfield>
      <controlfield tag="003">CZ PrUZP</controlfield>
      <controlfield tag="005">20160217162602.0</controlfield>
      <controlfield tag="008">050715s1886    cs                  czeo</controlfield>
      <datafield tag="020" ind1=" " ind2=" ">
         <subfield code="a">(váz.) :</subfield>
         <subfield code="c">70.- Kč</subfield>
      </datafield>
      <datafield tag="040" ind1=" " ind2=" ">
         <subfield code="a">ABA009</subfield>
         <subfield code="b">cze</subfield>
         <subfield code="e">ISBD</subfield>
         <subfield code="9">2</subfield>
      </datafield>
      <datafield tag="080" ind1=" " ind2=" ">
         <subfield code="a">664</subfield>
         <subfield code="2">MRF</subfield>
      </datafield>
      <datafield tag="084" ind1=" " ind2=" ">
         <subfield code="a">UQ011</subfield>
         <subfield code="2">agrovoc</subfield>
      </datafield>
      <datafield tag="100" ind1="1" ind2=" ">
         <subfield code="a">Thuma, Alois,</subfield>
         <subfield code="d">1838-1914</subfield>
         <subfield code="7">jk01132364</subfield>
      </datafield>
      <datafield tag="245" ind1="1" ind2="0">
         <subfield code="a">Med a zužitkování jeho v domácnosti, v perníkářství a cukrářství :</subfield>
         <subfield code="b">Návod k nakládání ovoce do medu, ku připravování pečiva i nápojů rozličných z medu, jakož i krátké pokyny k použití medu a vosku jako léku v různých chorobách s dodatkem o upotřebení vosku /</subfield>
         <subfield code="c">Alois Thuma</subfield>
      </datafield>
      <datafield tag="260" ind1=" " ind2=" ">
         <subfield code="a">Chrudim :</subfield>
         <subfield code="b">Stanislav Pospíšil,</subfield>
         <subfield code="c">1886</subfield>
      </datafield>
      <datafield tag="300" ind1=" " ind2=" ">
         <subfield code="a">67 s.</subfield>
      </datafield>
      <datafield tag="541" ind1=" " ind2=" ">
         <subfield code="c">d</subfield>
      </datafield>
      <datafield tag="650" ind1="0" ind2="7">
         <subfield code="a">jakost</subfield>
         <subfield code="2">agroterm</subfield>
      </datafield>
      <datafield tag="650" ind1="0" ind2="7">
         <subfield code="a">med</subfield>
         <subfield code="2">agroterm</subfield>
      </datafield>
      <datafield tag="650" ind1="0" ind2="7">
         <subfield code="a">zpracování</subfield>
         <subfield code="2">agroterm</subfield>
      </datafield>
      <datafield tag="655" ind1=" " ind2="7">
         <subfield code="a">kuchařské recepty</subfield>
         <subfield code="7">fd132687</subfield>
         <subfield code="2">czenas</subfield>
      </datafield>
      <datafield tag="856" ind1="4" ind2="1">
         <subfield code="y">zdigitalizováno</subfield>
         <subfield code="u">http://kramerius.mzk.cz/search/handle/uuid:e869802d-42ac-45a6-b7d7-ffa57b09168c</subfield>
      </datafield>
      <datafield tag="910" ind1=" " ind2=" ">
         <subfield code="a">ABA009</subfield>
      </datafield>
      <datafield tag="920" ind1=" " ind2=" ">
         <subfield code="a">ZK 755836</subfield>
      </datafield>
      <datafield tag="964" ind1=" " ind2=" ">
         <subfield code="a">Med - zpracování a využití - brožury - češ.</subfield>
      </datafield>
      <controlfield tag="SYS"/>
   </record>