
   <record>
      <leader>     nam a2200373 a 4500</leader>
      <controlfield tag="FMT"/>
      <controlfield tag="001">uzp000075096</controlfield>
      <controlfield tag="003">CZ PrUZP</controlfield>
      <controlfield tag="005">20030815204553.0</controlfield>
      <controlfield tag="008">050715s1868    cs                  czeo</controlfield>
      <datafield tag="020" ind1=" " ind2=" ">
         <subfield code="a">(váz.) :</subfield>
         <subfield code="c">1200.- Kč</subfield>
      </datafield>
      <datafield tag="040" ind1=" " ind2=" ">
         <subfield code="a">ABA009</subfield>
         <subfield code="b">cze</subfield>
         <subfield code="e">ISBD</subfield>
         <subfield code="9">2</subfield>
      </datafield>
      <datafield tag="080" ind1=" " ind2=" ">
         <subfield code="a">663</subfield>
         <subfield code="2">MRF-sel</subfield>
      </datafield>
      <datafield tag="245" ind1="0" ind2="0">
         <subfield code="a">Pivovarství</subfield>
      </datafield>
      <datafield tag="260" ind1=" " ind2=" ">
         <subfield code="a">Praha :</subfield>
         <subfield code="b">b. n.,</subfield>
         <subfield code="c">1868</subfield>
      </datafield>
      <datafield tag="300" ind1=" " ind2=" ">
         <subfield code="a">382 s. :</subfield>
         <subfield code="b">193 obr., tab.</subfield>
      </datafield>
      <datafield tag="541" ind1=" " ind2=" ">
         <subfield code="c">d</subfield>
      </datafield>
      <datafield tag="562" ind1=" " ind2=" ">
         <subfield code="a">Není titul. list, pravd. odstraněn při převazbě.</subfield>
      </datafield>
      <datafield tag="562" ind1=" " ind2=" ">
         <subfield code="a">záhlaví: Pivovarství</subfield>
      </datafield>
      <datafield tag="650" ind1="0" ind2="7">
         <subfield code="a">ječmen sladovnický</subfield>
         <subfield code="2">agroterm</subfield>
      </datafield>
      <datafield tag="650" ind1="0" ind2="7">
         <subfield code="a">pivo</subfield>
         <subfield code="2">agroterm</subfield>
      </datafield>
      <datafield tag="650" ind1="0" ind2="7">
         <subfield code="a">pivovarnické stroje</subfield>
         <subfield code="2">agroterm</subfield>
      </datafield>
      <datafield tag="650" ind1="0" ind2="7">
         <subfield code="a">pivovarnictví</subfield>
         <subfield code="2">agroterm</subfield>
      </datafield>
      <datafield tag="650" ind1="0" ind2="7">
         <subfield code="a">pivovary</subfield>
         <subfield code="2">agroterm</subfield>
      </datafield>
      <datafield tag="650" ind1="0" ind2="7">
         <subfield code="a">sladovnictví</subfield>
         <subfield code="2">agroterm</subfield>
      </datafield>
      <datafield tag="910" ind1=" " ind2=" ">
         <subfield code="a">ABA009</subfield>
         <subfield code="b">LZD2363</subfield>
         <subfield code="g">04940/2002</subfield>
      </datafield>
      <datafield tag="920" ind1=" " ind2=" ">
         <subfield code="a">ZK 779447</subfield>
      </datafield>
      <datafield tag="974" ind1=" " ind2=" ">
         <subfield code="f">Knihy</subfield>
      </datafield>
      <controlfield tag="SYS"/>
   </record>