
   <record>
      <leader>     nam a2200337 a 4500</leader>
      <controlfield tag="FMT"/>
      <controlfield tag="001">uzp000076370</controlfield>
      <controlfield tag="003">CZ PrUZP</controlfield>
      <controlfield tag="005">20030815204553.0</controlfield>
      <controlfield tag="008">050715s1873    cs                  czeo</controlfield>
      <datafield tag="020" ind1=" " ind2=" ">
         <subfield code="a">(váz.) :</subfield>
         <subfield code="c">3000.- Kč</subfield>
      </datafield>
      <datafield tag="040" ind1=" " ind2=" ">
         <subfield code="a">ABA009</subfield>
         <subfield code="b">cze</subfield>
         <subfield code="e">ISBD</subfield>
         <subfield code="9">2</subfield>
      </datafield>
      <datafield tag="080" ind1=" " ind2=" ">
         <subfield code="a">663</subfield>
         <subfield code="2">MRF-sel</subfield>
      </datafield>
      <datafield tag="084" ind1=" " ind2=" ">
         <subfield code="a">UQ01</subfield>
         <subfield code="2">agrovoc</subfield>
      </datafield>
      <datafield tag="245" ind1="0" ind2="0">
         <subfield code="a">Pivovarství</subfield>
      </datafield>
      <datafield tag="260" ind1=" " ind2=" ">
         <subfield code="a">Rakousko-Uhersko :</subfield>
         <subfield code="b">b. n.,</subfield>
         <subfield code="c">1873?</subfield>
      </datafield>
      <datafield tag="300" ind1=" " ind2=" ">
         <subfield code="a">Přeruš. str. [ca 300 s.] :</subfield>
         <subfield code="b">kresl. obr.</subfield>
      </datafield>
      <datafield tag="541" ind1=" " ind2=" ">
         <subfield code="c">d</subfield>
      </datafield>
      <datafield tag="562" ind1=" " ind2=" ">
         <subfield code="a">Dar Techn. muzea Praha. Tužkou nadepsáno Vladimír Kořan [vlastník, autor?]. Převzato po Pilátové - dlouhá nemoc.</subfield>
      </datafield>
      <datafield tag="562" ind1=" " ind2=" ">
         <subfield code="a">Rukopis, bez autorství, titul. listu atd.</subfield>
      </datafield>
      <datafield tag="562" ind1=" " ind2=" ">
         <subfield code="a">záhlaví: Pivovarství</subfield>
      </datafield>
      <datafield tag="650" ind1="0" ind2="7">
         <subfield code="a">pivo</subfield>
         <subfield code="2">agroterm</subfield>
      </datafield>
      <datafield tag="650" ind1="0" ind2="7">
         <subfield code="a">pivovarnictví</subfield>
         <subfield code="2">agroterm</subfield>
      </datafield>
      <datafield tag="910" ind1=" " ind2=" ">
         <subfield code="a">ABA009</subfield>
         <subfield code="b">LZC379</subfield>
         <subfield code="g">04895/2002</subfield>
      </datafield>
      <datafield tag="920" ind1=" " ind2=" ">
         <subfield code="a">ZK 780640</subfield>
      </datafield>
      <datafield tag="974" ind1=" " ind2=" ">
         <subfield code="f">Knihy</subfield>
      </datafield>
      <controlfield tag="SYS"/>
   </record>