
   <record>
      <leader>00000cam a22001812a 4500</leader>
      <controlfield tag="FMT"/>
      <controlfield tag="001">uzp000139777</controlfield>
      <controlfield tag="003">CZ PrUZP</controlfield>
      <controlfield tag="005">20150819172619.0</controlfield>
      <controlfield tag="007">ta</controlfield>
      <controlfield tag="008">050523s1861    xr     fr|||||000|0|cze d</controlfield>
      <datafield tag="040" ind1=" " ind2=" ">
         <subfield code="a">BOA001</subfield>
         <subfield code="b">cze</subfield>
         <subfield code="9">2</subfield>
         <subfield code="e">AACR2</subfield>
         <subfield code="d">ABA009</subfield>
      </datafield>
      <datafield tag="072" ind1=" " ind2="7">
         <subfield code="a">634</subfield>
         <subfield code="x">Ovocnářství</subfield>
         <subfield code="2">Konspekt</subfield>
         <subfield code="9">24</subfield>
      </datafield>
      <datafield tag="080" ind1=" " ind2=" ">
         <subfield code="a">634</subfield>
         <subfield code="2">MRF</subfield>
      </datafield>
      <datafield tag="084" ind1=" " ind2=" ">
         <subfield code="a">UF02B</subfield>
         <subfield code="2">agrovoc</subfield>
      </datafield>
      <datafield tag="100" ind1="1" ind2=" ">
         <subfield code="a">Pečírka, Josef,</subfield>
         <subfield code="d">1818-1870</subfield>
         <subfield code="7">jk01092263</subfield>
         <subfield code="4">aut</subfield>
      </datafield>
      <datafield tag="245" ind1="1" ind2="0">
         <subfield code="a">Klíček štěpařský :</subfield>
         <subfield code="b">pro žáky národních škol /</subfield>
         <subfield code="c">sepsal Jos. Pečírka</subfield>
      </datafield>
      <datafield tag="250" ind1=" " ind2=" ">
         <subfield code="a">2. rozmn. vyd.</subfield>
      </datafield>
      <datafield tag="260" ind1=" " ind2=" ">
         <subfield code="a">Praha :</subfield>
         <subfield code="b">[s.n.],</subfield>
         <subfield code="c">1861</subfield>
         <subfield code="f">Rohlicek a Sievers</subfield>
      </datafield>
      <datafield tag="300" ind1=" " ind2=" ">
         <subfield code="a">79, [1] s. :</subfield>
         <subfield code="b">il.</subfield>
      </datafield>
      <datafield tag="650" ind1="0" ind2="7">
         <subfield code="a">ovocnictví</subfield>
         <subfield code="2">agroterm</subfield>
      </datafield>
      <datafield tag="650" ind1="0" ind2="7">
         <subfield code="a">dřeviny ovocné</subfield>
         <subfield code="2">agroterm</subfield>
      </datafield>
      <datafield tag="650" ind1="0" ind2="7">
         <subfield code="a">pěstování</subfield>
         <subfield code="2">agroterm</subfield>
      </datafield>
      <datafield tag="650" ind1="0" ind2="7">
         <subfield code="a">roubování</subfield>
         <subfield code="2">agroterm</subfield>
      </datafield>
      <datafield tag="650" ind1="0" ind2="7">
         <subfield code="a">štěpování</subfield>
         <subfield code="2">agroterm</subfield>
      </datafield>
      <datafield tag="650" ind1="0" ind2="7">
         <subfield code="a">řez</subfield>
         <subfield code="2">agroterm</subfield>
      </datafield>
      <datafield tag="910" ind1=" " ind2=" ">
         <subfield code="a">ABA009</subfield>
         <subfield code="k">r</subfield>
      </datafield>
      <datafield tag="964" ind1=" " ind2=" ">
         <subfield code="a">Štěpařství - příručky pro učitele</subfield>
      </datafield>
      <controlfield tag="SYS"/>
   </record>