
   <record>
      <leader>00000cam  2200205u  4500</leader>
      <controlfield tag="FMT"/>
      <controlfield tag="001">uzp000142804</controlfield>
      <controlfield tag="003">CZ PrUZP</controlfield>
      <controlfield tag="005">20160829101402.0</controlfield>
      <controlfield tag="007">ta</controlfield>
      <controlfield tag="008">070330s1876    xr     f     |||| 0 cze d</controlfield>
      <datafield tag="040" ind1=" " ind2=" ">
         <subfield code="a">DLC</subfield>
         <subfield code="b">cze</subfield>
         <subfield code="9">2</subfield>
         <subfield code="c">CarP</subfield>
         <subfield code="d">DLC</subfield>
         <subfield code="d">ABA009</subfield>
      </datafield>
      <datafield tag="072" ind1=" " ind2="7">
         <subfield code="a">639.1</subfield>
         <subfield code="x">Myslivost</subfield>
         <subfield code="2">Konspekt</subfield>
         <subfield code="9">24</subfield>
      </datafield>
      <datafield tag="080" ind1=" " ind2=" ">
         <subfield code="a">639.1</subfield>
         <subfield code="2">MRF</subfield>
      </datafield>
      <datafield tag="084" ind1=" " ind2=" ">
         <subfield code="a">UL028</subfield>
         <subfield code="2">agrovoc</subfield>
      </datafield>
      <datafield tag="100" ind1="1" ind2=" ">
         <subfield code="a">Špatný, František,</subfield>
         <subfield code="d">1814-1883</subfield>
         <subfield code="7">jk01130859</subfield>
         <subfield code="4">aut</subfield>
      </datafield>
      <datafield tag="245" ind1="1" ind2="0">
         <subfield code="a">Mluva myslivecká od Františka Špatného</subfield>
      </datafield>
      <datafield tag="250" ind1=" " ind2=" ">
         <subfield code="a">2. rozm. vyd.</subfield>
      </datafield>
      <datafield tag="260" ind1=" " ind2=" ">
         <subfield code="a">V Praze</subfield>
         <subfield code="b">[Nákladem spisovatelovým],</subfield>
         <subfield code="c">1876</subfield>
      </datafield>
      <datafield tag="300" ind1=" " ind2=" ">
         <subfield code="a">73 s.</subfield>
         <subfield code="c">19 cm.</subfield>
      </datafield>
      <datafield tag="650" ind1=" " ind2="0">
         <subfield code="a">Czech language</subfield>
         <subfield code="v">Glossaries, vocabularies, etc.</subfield>
      </datafield>
      <datafield tag="650" ind1=" " ind2="0">
         <subfield code="a">Hunting.</subfield>
      </datafield>
      <datafield tag="650" ind1="0" ind2="7">
         <subfield code="a">slovníky myslivecké</subfield>
         <subfield code="2">agroterm</subfield>
      </datafield>
      <datafield tag="650" ind1="0" ind2="7">
         <subfield code="a">slovníky české</subfield>
         <subfield code="2">agroterm</subfield>
      </datafield>
      <datafield tag="650" ind1="0" ind2="7">
         <subfield code="a">myslivost</subfield>
         <subfield code="2">agroterm</subfield>
      </datafield>
      <datafield tag="650" ind1="0" ind2="7">
         <subfield code="a">názvosloví myslivecké</subfield>
         <subfield code="2">agroterm</subfield>
      </datafield>
      <datafield tag="655" ind1=" " ind2="7">
         <subfield code="a">slovníky</subfield>
         <subfield code="7">fd133454</subfield>
         <subfield code="2">czenas</subfield>
      </datafield>
      <datafield tag="856" ind1="4" ind2="1">
         <subfield code="y">Digitalizovaný dokument</subfield>
         <subfield code="u">http://kramerius.uzei.cz/search/i.jsp?pid=uuid:9b058472-c0e2-11e5-9556-001999480be2&amp;q=zem%C4%9Bd%C4%9Blsk%C3%A1 knihovna#monograph-page_uuid:9b058471-c0e2-11e5-9556-001999480be2</subfield>
      </datafield>
      <datafield tag="910" ind1=" " ind2=" ">
         <subfield code="a">ABA009</subfield>
         <subfield code="k">r</subfield>
      </datafield>
      <controlfield tag="SYS"/>
   </record>