
   <record>
      <leader>00000cam a22001572a 4500</leader>
      <controlfield tag="FMT"/>
      <controlfield tag="001">uzp000142886</controlfield>
      <controlfield tag="003">CZ PrUZP</controlfield>
      <controlfield tag="005">20070406091055.0</controlfield>
      <controlfield tag="007">ta</controlfield>
      <controlfield tag="008">070403s1865    xr     f     |||| 0 cze d</controlfield>
      <datafield tag="040" ind1=" " ind2=" ">
         <subfield code="a">ABA009</subfield>
         <subfield code="b">cze</subfield>
         <subfield code="9">2</subfield>
         <subfield code="c">BOA002</subfield>
         <subfield code="d">ABA009</subfield>
      </datafield>
      <datafield tag="072" ind1=" " ind2="7">
         <subfield code="a">57</subfield>
         <subfield code="x">Obecná biologie</subfield>
         <subfield code="2">Konspekt</subfield>
         <subfield code="9">2</subfield>
      </datafield>
      <datafield tag="080" ind1=" " ind2=" ">
         <subfield code="a">57</subfield>
         <subfield code="2">MRF-sel</subfield>
      </datafield>
      <datafield tag="084" ind1=" " ind2=" ">
         <subfield code="a">UB02</subfield>
         <subfield code="2">agrovoc</subfield>
      </datafield>
      <datafield tag="100" ind1="1" ind2=" ">
         <subfield code="a">Jehlička, Pavel,</subfield>
         <subfield code="d">1826-1883</subfield>
         <subfield code="7">mzk2004236684</subfield>
         <subfield code="4">aut</subfield>
      </datafield>
      <datafield tag="245" ind1="1" ind2="0">
         <subfield code="a">Krátký přírodopis rostlin :</subfield>
         <subfield code="b">pro nižší oddělení středních škol /</subfield>
         <subfield code="c">Pavel Jehlička</subfield>
      </datafield>
      <datafield tag="250" ind1=" " ind2=" ">
         <subfield code="a">1. vyd.</subfield>
      </datafield>
      <datafield tag="260" ind1=" " ind2=" ">
         <subfield code="a">Praha :</subfield>
         <subfield code="b">B. Stýblo,</subfield>
         <subfield code="c">1865</subfield>
      </datafield>
      <datafield tag="300" ind1=" " ind2=" ">
         <subfield code="a">107 s.</subfield>
         <subfield code="b">il.</subfield>
      </datafield>
      <datafield tag="650" ind1="0" ind2="7">
         <subfield code="a">biologie rostlin</subfield>
         <subfield code="2">agroterm</subfield>
      </datafield>
      <datafield tag="650" ind1="0" ind2="7">
         <subfield code="a">botanika</subfield>
         <subfield code="2">agroterm</subfield>
      </datafield>
      <datafield tag="655" ind1=" " ind2="7">
         <subfield code="a">učebnice</subfield>
         <subfield code="7">fd133770</subfield>
         <subfield code="2">czenas</subfield>
      </datafield>
      <datafield tag="910" ind1=" " ind2=" ">
         <subfield code="a">ABA009</subfield>
         <subfield code="k">r</subfield>
      </datafield>
      <datafield tag="964" ind1=" " ind2=" ">
         <subfield code="a">Botanika - učebnice - školy střední</subfield>
      </datafield>
      <controlfield tag="SYS"/>
   </record>