
   <record>
      <leader>00000nam a22      a 4500</leader>
      <controlfield tag="FMT"/>
      <controlfield tag="001">uzp000144319</controlfield>
      <controlfield tag="003">CZ PrUZP</controlfield>
      <controlfield tag="005">20070511104414.0</controlfield>
      <controlfield tag="007">ta</controlfield>
      <controlfield tag="008">050715s1885    xr            00| 0 czeo</controlfield>
      <datafield tag="040" ind1=" " ind2=" ">
         <subfield code="a">ABA009</subfield>
         <subfield code="b">cze</subfield>
         <subfield code="9">2</subfield>
      </datafield>
      <datafield tag="072" ind1=" " ind2="7">
         <subfield code="a">636</subfield>
         <subfield code="x">Živočišná výroba</subfield>
         <subfield code="2">Konspekt</subfield>
         <subfield code="9">24</subfield>
      </datafield>
      <datafield tag="080" ind1=" " ind2=" ">
         <subfield code="a">636.3</subfield>
         <subfield code="2">MRF-sel</subfield>
      </datafield>
      <datafield tag="084" ind1=" " ind2=" ">
         <subfield code="a">UL024</subfield>
         <subfield code="2">agrovoc</subfield>
      </datafield>
      <datafield tag="100" ind1="1" ind2=" ">
         <subfield code="a">Bezdíček, Josef,</subfield>
         <subfield code="d">1852-1925</subfield>
         <subfield code="7">jk01011971</subfield>
         <subfield code="4">aut</subfield>
      </datafield>
      <datafield tag="245" ind1="1" ind2="0">
         <subfield code="a">Ovce a plemena jejich /</subfield>
         <subfield code="c">podává Josef Bezdíček</subfield>
      </datafield>
      <datafield tag="260" ind1=" " ind2=" ">
         <subfield code="a">Praha :</subfield>
         <subfield code="b">Nákladem týdenního časopisu Hospodář,</subfield>
         <subfield code="c">1885</subfield>
      </datafield>
      <datafield tag="300" ind1=" " ind2=" ">
         <subfield code="a">62 s. + příl. il. :</subfield>
         <subfield code="b">tab.</subfield>
      </datafield>
      <datafield tag="500" ind1=" " ind2=" ">
         <subfield code="a">Vyňato z týdenního časopisu Hospodář</subfield>
      </datafield>
      <datafield tag="650" ind1="0" ind2="7">
         <subfield code="a">ovce</subfield>
         <subfield code="2">agroterm</subfield>
      </datafield>
      <datafield tag="650" ind1="0" ind2="7">
         <subfield code="a">plemena ovcí</subfield>
         <subfield code="2">agroterm</subfield>
      </datafield>
      <datafield tag="910" ind1=" " ind2=" ">
         <subfield code="a">ABA009</subfield>
         <subfield code="k">r</subfield>
      </datafield>
      <controlfield tag="SYS"/>
   </record>