
   <record>
      <leader>00000cam a22      a 4500</leader>
      <controlfield tag="FMT"/>
      <controlfield tag="001">uzp000145201</controlfield>
      <controlfield tag="003">CZ PrUZP</controlfield>
      <controlfield tag="005">20130527104250.0</controlfield>
      <controlfield tag="007">ta</controlfield>
      <controlfield tag="008">050723m18821887xr a   f      000 0 cze d</controlfield>
      <datafield tag="040" ind1=" " ind2=" ">
         <subfield code="a">ABA009</subfield>
         <subfield code="b">cze</subfield>
         <subfield code="9">2</subfield>
      </datafield>
      <datafield tag="072" ind1=" " ind2="7">
         <subfield code="a">634</subfield>
         <subfield code="x">Ovocnářství</subfield>
         <subfield code="2">Konspekt</subfield>
         <subfield code="9">24</subfield>
      </datafield>
      <datafield tag="080" ind1=" " ind2=" ">
         <subfield code="a">634</subfield>
         <subfield code="2">MRF</subfield>
      </datafield>
      <datafield tag="084" ind1=" " ind2=" ">
         <subfield code="a">UF02B</subfield>
         <subfield code="2">agrovoc</subfield>
      </datafield>
      <datafield tag="100" ind1="1" ind2=" ">
         <subfield code="a">Burket, Ladislav,</subfield>
         <subfield code="d">1855-1933</subfield>
         <subfield code="7">jn20000400320</subfield>
         <subfield code="4">aut</subfield>
      </datafield>
      <datafield tag="245" ind1="1" ind2="0">
         <subfield code="a">Jabloň :</subfield>
         <subfield code="b">monografické pojednání /</subfield>
         <subfield code="c">sepsal pro české štěpaře a přátele štěpařství Ladislav Burket ; vydala Fysiokratická společnosť v Čechách</subfield>
      </datafield>
      <datafield tag="250" ind1=" " ind2=" ">
         <subfield code="a">1. vyd.</subfield>
      </datafield>
      <datafield tag="260" ind1=" " ind2=" ">
         <subfield code="a">V Praze :</subfield>
         <subfield code="b">Alois R. Lauermann,</subfield>
         <subfield code="c">1882-1887</subfield>
      </datafield>
      <datafield tag="300" ind1=" " ind2=" ">
         <subfield code="a">2 sv. (120, 246 s.) :</subfield>
         <subfield code="b">il.</subfield>
      </datafield>
      <datafield tag="650" ind1="0" ind2="7">
         <subfield code="a">dřeviny ovocné</subfield>
         <subfield code="2">agroterm</subfield>
      </datafield>
      <datafield tag="650" ind1="0" ind2="7">
         <subfield code="a">jádroviny</subfield>
         <subfield code="2">agroterm</subfield>
      </datafield>
      <datafield tag="650" ind1="0" ind2="7">
         <subfield code="a">jabloň</subfield>
         <subfield code="2">agroterm</subfield>
      </datafield>
      <datafield tag="650" ind1="0" ind2="7">
         <subfield code="a">pěstování</subfield>
         <subfield code="2">agroterm</subfield>
      </datafield>
      <datafield tag="650" ind1="0" ind2="7">
         <subfield code="a">řez</subfield>
         <subfield code="2">agroterm</subfield>
      </datafield>
      <datafield tag="650" ind1="0" ind2="7">
         <subfield code="a">tvarování</subfield>
         <subfield code="2">agroterm</subfield>
      </datafield>
      <datafield tag="650" ind1="0" ind2="7">
         <subfield code="a">ochrana rostlin</subfield>
         <subfield code="2">agroterm</subfield>
      </datafield>
      <datafield tag="710" ind1="2" ind2=" ">
         <subfield code="a">Fysiokratická společnosť v Čechách</subfield>
      </datafield>
      <datafield tag="910" ind1=" " ind2=" ">
         <subfield code="a">ABA009</subfield>
         <subfield code="k">r</subfield>
         <subfield code="s">Díl 1-2</subfield>
         <subfield code="t">v</subfield>
      </datafield>
      <controlfield tag="SYS"/>
   </record>