
   <record>
      <leader>00000cam a2200157 a 4500</leader>
      <controlfield tag="FMT"/>
      <controlfield tag="001">uzp000146147</controlfield>
      <controlfield tag="003">CZ PrUZP</controlfield>
      <controlfield tag="005">20071221102113.0</controlfield>
      <controlfield tag="007">tu</controlfield>
      <controlfield tag="008">990108s1879    xr a   g      000 0 cze d</controlfield>
      <datafield tag="040" ind1=" " ind2=" ">
         <subfield code="a">ABA001</subfield>
         <subfield code="b">cze</subfield>
         <subfield code="9">2</subfield>
         <subfield code="d">ABA009</subfield>
      </datafield>
      <datafield tag="072" ind1=" " ind2="7">
         <subfield code="a">639.2/.6</subfield>
         <subfield code="x">Rybářství</subfield>
         <subfield code="2">Konspekt</subfield>
         <subfield code="9">24</subfield>
      </datafield>
      <datafield tag="080" ind1=" " ind2=" ">
         <subfield code="a">639.2.081.4</subfield>
         <subfield code="2">MRF-sel</subfield>
      </datafield>
      <datafield tag="084" ind1=" " ind2=" ">
         <subfield code="a">UM02</subfield>
         <subfield code="2">agrovoc</subfield>
      </datafield>
      <datafield tag="100" ind1="1" ind2=" ">
         <subfield code="a">Bucek, J. L.</subfield>
         <subfield code="4">aut</subfield>
      </datafield>
      <datafield tag="245" ind1="1" ind2="0">
         <subfield code="a">O českých rybách a chytání jich na udici :</subfield>
         <subfield code="b">popsání veškerého rybářského náčiní a návod, jak si je každý bez cizí pomoci shotoviti a vadné části opraviti může : prostonárodní popis všech druhů ryb, zvláštnosti jejich života, udiček, nástrah a vnad, kterými je chytati lze : připojeno vypsání lovení raků /</subfield>
         <subfield code="c">sepsal J. L. Bucek</subfield>
      </datafield>
      <datafield tag="260" ind1=" " ind2=" ">
         <subfield code="a">V Mladé Boleslavi :</subfield>
         <subfield code="b">V. P. Nešněra,</subfield>
         <subfield code="c">[1879?]</subfield>
         <subfield code="e">(v Jičíně :</subfield>
         <subfield code="f">A. Čapek)</subfield>
      </datafield>
      <datafield tag="300" ind1=" " ind2=" ">
         <subfield code="a">129 s. :</subfield>
         <subfield code="b">il., tab.</subfield>
      </datafield>
      <datafield tag="500" ind1=" " ind2=" ">
         <subfield code="a">Do textu vloženo německé názvosloví a 23 obrázků</subfield>
      </datafield>
      <datafield tag="650" ind1="0" ind2="7">
         <subfield code="a">ryby</subfield>
         <subfield code="2">agroterm</subfield>
      </datafield>
      <datafield tag="650" ind1="0" ind2="7">
         <subfield code="a">ryby sladkovodní</subfield>
         <subfield code="2">agroterm</subfield>
      </datafield>
      <datafield tag="650" ind1="0" ind2="7">
         <subfield code="a">lov</subfield>
         <subfield code="2">agroterm</subfield>
      </datafield>
      <datafield tag="650" ind1="0" ind2="7">
         <subfield code="a">rybolov sportovní</subfield>
         <subfield code="2">agroterm</subfield>
      </datafield>
      <datafield tag="650" ind1="0" ind2="7">
         <subfield code="a">udice</subfield>
         <subfield code="2">agroterm</subfield>
      </datafield>
      <datafield tag="650" ind1="0" ind2="7">
         <subfield code="a">rybářské potřeby</subfield>
         <subfield code="2">agroterm</subfield>
      </datafield>
      <datafield tag="650" ind1="0" ind2="7">
         <subfield code="a">raci</subfield>
         <subfield code="2">agroterm</subfield>
      </datafield>
      <datafield tag="910" ind1=" " ind2=" ">
         <subfield code="a">ABA009</subfield>
      </datafield>
      <controlfield tag="SYS"/>
   </record>