
   <record>
      <leader>00000cam a2200313 a 4500</leader>
      <controlfield tag="FMT"/>
      <controlfield tag="001">uzp000146298</controlfield>
      <controlfield tag="003">CZ PrUZP</controlfield>
      <controlfield tag="005">20141125085314.0</controlfield>
      <controlfield tag="007">ta</controlfield>
      <controlfield tag="008">050607s1823    xr af  e      001 0 cze</controlfield>
      <datafield tag="040" ind1=" " ind2=" ">
         <subfield code="a">ABA001</subfield>
         <subfield code="b">cze</subfield>
         <subfield code="9">2</subfield>
         <subfield code="e">AACR2</subfield>
         <subfield code="d">ABA009</subfield>
      </datafield>
      <datafield tag="072" ind1=" " ind2="7">
         <subfield code="a">630</subfield>
         <subfield code="x">Lesnictví</subfield>
         <subfield code="2">Konspekt</subfield>
         <subfield code="9">24</subfield>
      </datafield>
      <datafield tag="080" ind1=" " ind2=" ">
         <subfield code="a">630</subfield>
         <subfield code="2">MRF</subfield>
      </datafield>
      <datafield tag="080" ind1=" " ind2=" ">
         <subfield code="a">(048.8)</subfield>
         <subfield code="2">MRF</subfield>
      </datafield>
      <datafield tag="084" ind1=" " ind2=" ">
         <subfield code="a">UK01</subfield>
         <subfield code="2">agrovoc</subfield>
      </datafield>
      <datafield tag="100" ind1="1" ind2=" ">
         <subfield code="a">Havelka, Vilém Václav,</subfield>
         <subfield code="d">1780-1847</subfield>
         <subfield code="7">jk01040289</subfield>
         <subfield code="4">aut</subfield>
         <subfield code="4">pbl</subfield>
      </datafield>
      <datafield tag="245" ind1="1" ind2="0">
         <subfield code="a">Vměnj lesnj.</subfield>
         <subfield code="n">Swazek třetj, který lesnj odhad a lesnj požitky za obsah má /</subfield>
         <subfield code="c">podlé Giřjho Ludwjka Hartyga, ... a giných neywýborněgssjch spisowatelů složené, s lesnictwjm wlastenským dle wlastnj zkussenosti srownané, a wlastnjm nákladem wydané od Wiljma Wěnceslawa Hawelky</subfield>
      </datafield>
      <datafield tag="246" ind1="3" ind2=" ">
         <subfield code="a">Uměnj lesnj</subfield>
      </datafield>
      <datafield tag="246" ind1="3" ind2=" ">
         <subfield code="a">Umění lesní</subfield>
      </datafield>
      <datafield tag="260" ind1=" " ind2=" ">
         <subfield code="a">W Praze :</subfield>
         <subfield code="b">W.W. Hawelka,</subfield>
         <subfield code="c">1823</subfield>
         <subfield code="f">(Frantissek Geřábek)</subfield>
      </datafield>
      <datafield tag="300" ind1=" " ind2=" ">
         <subfield code="a">192 s., [2] slož. příl. (45 x 52, 24 x 39 cm) :</subfield>
         <subfield code="b">il. ;</subfield>
         <subfield code="c">21 cm</subfield>
      </datafield>
      <datafield tag="500" ind1=" " ind2=" ">
         <subfield code="a">Obsahuje nákres měření na příl.</subfield>
      </datafield>
      <datafield tag="546" ind1=" " ind2=" ">
         <subfield code="a">Tištěno švabachem</subfield>
      </datafield>
      <datafield tag="650" ind1="0" ind2="7">
         <subfield code="a">lesnictví</subfield>
         <subfield code="2">agroterm</subfield>
      </datafield>
      <datafield tag="650" ind1="0" ind2="7">
         <subfield code="a">dřevařství</subfield>
         <subfield code="2">agroterm</subfield>
      </datafield>
      <datafield tag="655" ind1=" " ind2="7">
         <subfield code="a">monografie</subfield>
         <subfield code="7">fd132842</subfield>
         <subfield code="2">czenas</subfield>
      </datafield>
      <datafield tag="700" ind1="1" ind2=" ">
         <subfield code="a">Hartig, Georg Ludwig,</subfield>
         <subfield code="d">1764-1837</subfield>
         <subfield code="7">jx20050616009</subfield>
         <subfield code="4">ant</subfield>
      </datafield>
      <datafield tag="910" ind1=" " ind2=" ">
         <subfield code="a">ABA009</subfield>
         <subfield code="k">r</subfield>
      </datafield>
      <datafield tag="928" ind1="9" ind2=" ">
         <subfield code="a">V.V. Havelka</subfield>
      </datafield>
      <controlfield tag="SYS"/>
   </record>