
   <record>
      <leader>00000nam a22     7a 4500</leader>
      <controlfield tag="FMT"/>
      <controlfield tag="001">uzp000146476</controlfield>
      <controlfield tag="003">CZ PrUZP</controlfield>
      <controlfield tag="005">20090915113710.0</controlfield>
      <controlfield tag="007">ta</controlfield>
      <controlfield tag="008">070628s1879    xr     e     |000 0 cze d</controlfield>
      <datafield tag="040" ind1=" " ind2=" ">
         <subfield code="a">ABA009</subfield>
         <subfield code="b">cze</subfield>
         <subfield code="9">2</subfield>
         <subfield code="e">AACR2</subfield>
      </datafield>
      <datafield tag="072" ind1=" " ind2="7">
         <subfield code="a">635</subfield>
         <subfield code="x">Zahrádkářství</subfield>
         <subfield code="2">Konspekt</subfield>
         <subfield code="9">24</subfield>
      </datafield>
      <datafield tag="080" ind1=" " ind2=" ">
         <subfield code="a">635</subfield>
         <subfield code="2">MRF</subfield>
      </datafield>
      <datafield tag="084" ind1=" " ind2=" ">
         <subfield code="a">UF02A</subfield>
         <subfield code="2">agrovoc</subfield>
      </datafield>
      <datafield tag="100" ind1="1" ind2=" ">
         <subfield code="a">Dolejš, Jan</subfield>
         <subfield code="7">jx20090204002</subfield>
         <subfield code="4">aut</subfield>
      </datafield>
      <datafield tag="245" ind1="1" ind2="0">
         <subfield code="a">Návod ku pěstování květin, zelenin i stromů.</subfield>
         <subfield code="n">Svazek II.,</subfield>
         <subfield code="p">Každoměsíčné zahradnické práce /</subfield>
         <subfield code="c">vydáno od Jana Dolejše [autor i vydavatel]</subfield>
      </datafield>
      <datafield tag="260" ind1=" " ind2=" ">
         <subfield code="a">V Praze :</subfield>
         <subfield code="b">Jan Dolejš vl. n.,</subfield>
         <subfield code="c">1879</subfield>
      </datafield>
      <datafield tag="300" ind1=" " ind2=" ">
         <subfield code="a">69 s. :</subfield>
         <subfield code="b">il.</subfield>
      </datafield>
      <datafield tag="650" ind1="0" ind2="7">
         <subfield code="a">zahradnictví</subfield>
         <subfield code="2">agroterm</subfield>
      </datafield>
      <datafield tag="650" ind1="0" ind2="7">
         <subfield code="a">květinářství</subfield>
         <subfield code="2">agroterm</subfield>
      </datafield>
      <datafield tag="910" ind1=" " ind2=" ">
         <subfield code="a">ABA009</subfield>
         <subfield code="k">r</subfield>
      </datafield>
      <controlfield tag="SYS"/>
   </record>