
   <record>
      <leader>00000nam a22     7a 4500</leader>
      <controlfield tag="FMT"/>
      <controlfield tag="001">uzp000146577</controlfield>
      <controlfield tag="003">CZ PrUZP</controlfield>
      <controlfield tag="005">20150130102920.0</controlfield>
      <controlfield tag="007">ta</controlfield>
      <controlfield tag="008">070702s1885    xr     f     |000 0 cze d</controlfield>
      <datafield tag="040" ind1=" " ind2=" ">
         <subfield code="a">ABA009</subfield>
         <subfield code="b">cze</subfield>
         <subfield code="9">2</subfield>
         <subfield code="e">AACR2</subfield>
      </datafield>
      <datafield tag="072" ind1=" " ind2="7">
         <subfield code="a">636</subfield>
         <subfield code="x">Živočišná výroba</subfield>
         <subfield code="2">Konspekt</subfield>
         <subfield code="9">24</subfield>
      </datafield>
      <datafield tag="080" ind1=" " ind2=" ">
         <subfield code="a">636.5</subfield>
         <subfield code="2">MRF</subfield>
      </datafield>
      <datafield tag="084" ind1=" " ind2=" ">
         <subfield code="a">UL023</subfield>
         <subfield code="2">agrovoc</subfield>
      </datafield>
      <datafield tag="100" ind1="1" ind2=" ">
         <subfield code="a">Lambl, Karel Milan,</subfield>
         <subfield code="d">1823-1884</subfield>
         <subfield code="7">jk01071437</subfield>
         <subfield code="4">aut</subfield>
      </datafield>
      <datafield tag="245" ind1="1" ind2="0">
         <subfield code="a">Výnosný chov zvířectva hospodářského /</subfield>
         <subfield code="c">sepsal Karel Lambl ; k novému vydání upravil a rozmnožil Vácslav Feršman</subfield>
      </datafield>
      <datafield tag="250" ind1=" " ind2=" ">
         <subfield code="a">3. vyd.</subfield>
      </datafield>
      <datafield tag="260" ind1=" " ind2=" ">
         <subfield code="a">V Praze :</subfield>
         <subfield code="b">I. L. Kober,</subfield>
         <subfield code="c">[1885]</subfield>
      </datafield>
      <datafield tag="300" ind1=" " ind2=" ">
         <subfield code="a">161 s. :</subfield>
         <subfield code="b">il., tab.</subfield>
      </datafield>
      <datafield tag="500" ind1=" " ind2=" ">
         <subfield code="a">Obsahuje slovníček plemenářský</subfield>
      </datafield>
      <datafield tag="650" ind1="0" ind2="7">
         <subfield code="a">zvířata domácí</subfield>
         <subfield code="2">agroterm</subfield>
      </datafield>
      <datafield tag="650" ind1="0" ind2="7">
         <subfield code="a">chov zvířat domácích</subfield>
         <subfield code="2">agroterm</subfield>
      </datafield>
      <datafield tag="650" ind1="0" ind2="7">
         <subfield code="a">hospodářská zvířata</subfield>
         <subfield code="2">agroterm</subfield>
      </datafield>
      <datafield tag="650" ind1="0" ind2="7">
         <subfield code="a">krmení</subfield>
         <subfield code="2">agroterm</subfield>
      </datafield>
      <datafield tag="650" ind1="0" ind2="7">
         <subfield code="a">krmiva</subfield>
         <subfield code="2">agroterm</subfield>
      </datafield>
      <datafield tag="700" ind1="1" ind2=" ">
         <subfield code="a">Feršman, Václav,</subfield>
         <subfield code="d">1853-1927</subfield>
         <subfield code="7">jk01030925</subfield>
         <subfield code="4">aut</subfield>
         <subfield code="4">pbd</subfield>
      </datafield>
      <datafield tag="910" ind1=" " ind2=" ">
         <subfield code="a">ABA009</subfield>
         <subfield code="k">r</subfield>
      </datafield>
      <controlfield tag="SYS"/>
   </record>