
   <record>
      <leader>00000cam a22      a 4500</leader>
      <controlfield tag="FMT"/>
      <controlfield tag="001">uzp000169369</controlfield>
      <controlfield tag="003">CZ PrUZP</controlfield>
      <controlfield tag="005">20090803135557.0</controlfield>
      <controlfield tag="007">ta</controlfield>
      <controlfield tag="008">050723s1884    xr     f      000 0 cze d</controlfield>
      <datafield tag="040" ind1=" " ind2=" ">
         <subfield code="a">ABA009</subfield>
         <subfield code="b">cze</subfield>
         <subfield code="c">BOA001</subfield>
         <subfield code="d">ABA009</subfield>
      </datafield>
      <datafield tag="072" ind1=" " ind2="7">
         <subfield code="a">339</subfield>
         <subfield code="x">Obchod</subfield>
         <subfield code="2">Konspekt</subfield>
         <subfield code="9">4</subfield>
      </datafield>
      <datafield tag="080" ind1=" " ind2=" ">
         <subfield code="a">339</subfield>
         <subfield code="2">MRF</subfield>
      </datafield>
      <datafield tag="084" ind1=" " ind2=" ">
         <subfield code="a">UE14</subfield>
         <subfield code="2">agrovoc</subfield>
      </datafield>
      <datafield tag="100" ind1="1" ind2=" ">
         <subfield code="a">Teissler, Quido,</subfield>
         <subfield code="d">1845-1900</subfield>
         <subfield code="7">jk01132167</subfield>
         <subfield code="4">aut</subfield>
      </datafield>
      <datafield tag="245" ind1="1" ind2="0">
         <subfield code="a">Světový obchod s cukrem /</subfield>
         <subfield code="c">napsal Quido Teissler</subfield>
      </datafield>
      <datafield tag="260" ind1=" " ind2=" ">
         <subfield code="a">V Chrudimo :</subfield>
         <subfield code="b">nákl. vl.,</subfield>
         <subfield code="c">1884</subfield>
      </datafield>
      <datafield tag="300" ind1=" " ind2=" ">
         <subfield code="a">140 s. ;</subfield>
         <subfield code="b">il.</subfield>
         <subfield code="c">4° +</subfield>
         <subfield code="e">2 mapy</subfield>
      </datafield>
      <datafield tag="650" ind1="0" ind2="7">
         <subfield code="a">cukr</subfield>
         <subfield code="2">agroterm</subfield>
      </datafield>
      <datafield tag="650" ind1="0" ind2="7">
         <subfield code="a">výroba</subfield>
         <subfield code="2">agroterm</subfield>
      </datafield>
      <datafield tag="650" ind1="0" ind2="7">
         <subfield code="a">obchod</subfield>
         <subfield code="2">agroterm</subfield>
      </datafield>
      <datafield tag="650" ind1="0" ind2="7">
         <subfield code="a">svět</subfield>
         <subfield code="2">agroterm</subfield>
      </datafield>
      <datafield tag="910" ind1=" " ind2=" ">
         <subfield code="a">ABA009</subfield>
         <subfield code="k">r</subfield>
      </datafield>
      <datafield tag="964" ind1=" " ind2=" ">
         <subfield code="a">Bohemika - stol. 19.</subfield>
      </datafield>
      <controlfield tag="SYS"/>
   </record>