
   <record>
      <leader>00000nas a2200469 a 4500</leader>
      <controlfield tag="FMT"/>
      <controlfield tag="001">uzp000173260</controlfield>
      <controlfield tag="003">CZ PrUZP</controlfield>
      <controlfield tag="005">20150731122724.0</controlfield>
      <controlfield tag="007">ta</controlfield>
      <controlfield tag="008">030825d18501853xr wr p            0cze</controlfield>
      <datafield tag="040" ind1=" " ind2=" ">
         <subfield code="a">ABA009</subfield>
         <subfield code="b">cze</subfield>
      </datafield>
      <datafield tag="080" ind1=" " ind2=" ">
         <subfield code="a">631</subfield>
         <subfield code="2">MRF</subfield>
      </datafield>
      <datafield tag="080" ind1=" " ind2=" ">
         <subfield code="a">050</subfield>
         <subfield code="2">MRF</subfield>
      </datafield>
      <datafield tag="084" ind1=" " ind2=" ">
         <subfield code="a">UA01</subfield>
         <subfield code="a">UC03</subfield>
         <subfield code="2">agrovoc</subfield>
      </datafield>
      <datafield tag="245" ind1="0" ind2="0">
         <subfield code="a">Týdenník pro polní, lesní a domácí hospodářství ku prospěchu stavu rolnického</subfield>
      </datafield>
      <datafield tag="246" ind1="3" ind2="3">
         <subfield code="a">Týdennjk pro polnj, lesnj a domácj hospodářstwj ku prospěchu stawu rolnického</subfield>
      </datafield>
      <datafield tag="246" ind1="1" ind2="3">
         <subfield code="a">Týdenník</subfield>
      </datafield>
      <datafield tag="246" ind1="1" ind2=" ">
         <subfield code="a">Týdennjk :</subfield>
         <subfield code="b">časopis pro polnj, lesnj a domácj hospodářstwj</subfield>
      </datafield>
      <datafield tag="246" ind1="1" ind2=" ">
         <subfield code="a">Týdenník, časopis pro polní, lesní a domácí hospodářstwí</subfield>
      </datafield>
      <datafield tag="260" ind1=" " ind2=" ">
         <subfield code="a">W Praze :</subfield>
         <subfield code="b">Cis. fr. wlastensko-hospodářské Společnosti w kralowstwj Českém,</subfield>
         <subfield code="c">1850-1853</subfield>
      </datafield>
      <datafield tag="310" ind1=" " ind2=" ">
         <subfield code="a">1x týdně</subfield>
      </datafield>
      <datafield tag="362" ind1="0" ind2=" ">
         <subfield code="a">Roč. 1 (1851) - roč. 4 (1853)</subfield>
      </datafield>
      <datafield tag="500" ind1=" " ind2=" ">
         <subfield code="a">Od 21. 12. 1853, č. 1 vycházel pod názvem: Hospodářské noviny</subfield>
      </datafield>
      <datafield tag="500" ind1=" " ind2=" ">
         <subfield code="a">Redaktor: F. S. Kodym, Josef Pečírka</subfield>
      </datafield>
      <datafield tag="650" ind1="0" ind2="7">
         <subfield code="a">zemědělství</subfield>
         <subfield code="2">agroterm</subfield>
      </datafield>
      <datafield tag="650" ind1="0" ind2="7">
         <subfield code="a">rostlinná výroba</subfield>
         <subfield code="2">agroterm</subfield>
      </datafield>
      <datafield tag="650" ind1="0" ind2="7">
         <subfield code="a">živočišná výroba</subfield>
         <subfield code="2">agroterm</subfield>
      </datafield>
      <datafield tag="650" ind1="0" ind2="7">
         <subfield code="a">lesnictví</subfield>
         <subfield code="2">agroterm</subfield>
      </datafield>
      <datafield tag="650" ind1="0" ind2="7">
         <subfield code="a">domácí hospodářství</subfield>
         <subfield code="2">agroterm</subfield>
      </datafield>
      <datafield tag="651" ind1=" " ind2="7">
         <subfield code="a">Čechy (Česko)</subfield>
         <subfield code="7">ge135869</subfield>
         <subfield code="2">czenas</subfield>
      </datafield>
      <datafield tag="655" ind1=" " ind2="7">
         <subfield code="a">noviny</subfield>
         <subfield code="2">czenas</subfield>
      </datafield>
      <datafield tag="700" ind1="1" ind2=" ">
         <subfield code="a">Kodym, Filip Stanislav,</subfield>
         <subfield code="d">1811-1884</subfield>
         <subfield code="7">jk01061051</subfield>
         <subfield code="4">edt</subfield>
      </datafield>
      <datafield tag="700" ind1="1" ind2=" ">
         <subfield code="a">Pečírka, Josef,</subfield>
         <subfield code="d">1818-1870</subfield>
         <subfield code="7">jk01092263</subfield>
         <subfield code="4">edt</subfield>
      </datafield>
      <datafield tag="785" ind1="0" ind2="0">
         <subfield code="t">Hospodářské noviny</subfield>
      </datafield>
      <datafield tag="910" ind1=" " ind2=" ">
         <subfield code="a">ABA009</subfield>
         <subfield code="k">r</subfield>
         <subfield code="r">1850-53</subfield>
      </datafield>
      <controlfield tag="SYS"/>
   </record>