
   <record>
      <leader>00000cam a22      a 4500</leader>
      <controlfield tag="FMT"/>
      <controlfield tag="001">uzp000187970</controlfield>
      <controlfield tag="003">CZ PrUZP</controlfield>
      <controlfield tag="005">20151007081256.0</controlfield>
      <controlfield tag="008">030307s1847    xr                  cze</controlfield>
      <datafield tag="015" ind1=" " ind2=" ">
         <subfield code="a">cnb001270122</subfield>
      </datafield>
      <datafield tag="035" ind1=" " ind2=" ">
         <subfield code="a">(OCoLC)85697394</subfield>
      </datafield>
      <datafield tag="040" ind1=" " ind2=" ">
         <subfield code="d">ABA001</subfield>
         <subfield code="d">ABA009</subfield>
         <subfield code="a">ABA001</subfield>
         <subfield code="b">cze</subfield>
         <subfield code="c">ABA001</subfield>
      </datafield>
      <datafield tag="072" ind1=" " ind2="7">
         <subfield code="a">094</subfield>
         <subfield code="x">Staré tisky</subfield>
         <subfield code="2">Konspekt</subfield>
         <subfield code="9">12</subfield>
      </datafield>
      <datafield tag="072" ind1=" " ind2="7">
         <subfield code="a">631</subfield>
         <subfield code="x">Zemědělství. Pedologie. Agrotechnika. Agroekologie</subfield>
         <subfield code="2">Konspekt</subfield>
         <subfield code="9">24</subfield>
      </datafield>
      <datafield tag="080" ind1=" " ind2=" ">
         <subfield code="a">631</subfield>
         <subfield code="2">MRF</subfield>
      </datafield>
      <datafield tag="084" ind1=" " ind2=" ">
         <subfield code="a">UA01</subfield>
         <subfield code="2">agrovoc</subfield>
      </datafield>
      <datafield tag="100" ind1="1" ind2=" ">
         <subfield code="a">Pečírka, Josef,</subfield>
         <subfield code="d">1818-1870</subfield>
         <subfield code="7">jk01092263</subfield>
         <subfield code="4">com</subfield>
         <subfield code="4">pbl</subfield>
      </datafield>
      <datafield tag="245" ind1="1" ind2="0">
         <subfield code="a">Wáclaw Nowák, aneb Sedlák, jak by měl býti :</subfield>
         <subfield code="b">Hospodářská kniha obsahující důkladné poučení o tom, kterak může rolník nejwětssího užitku z polí a luk dosáhnouti, dobytek nejlepssím způsobem chowati, wčelařstwí, sstěpařstwí, zahradnictwí, winařstwí a lesnictwí s prospěchem hleděti ....</subfield>
         <subfield code="n">Díl. 1 /</subfield>
         <subfield code="c">Sestawil a wydal Josef Pečírka</subfield>
      </datafield>
      <datafield tag="246" ind1="3" ind2="0">
         <subfield code="a">Sedlák, jak by měl býti</subfield>
      </datafield>
      <datafield tag="260" ind1=" " ind2=" ">
         <subfield code="a">Znojmo :</subfield>
         <subfield code="b">E.J. Fournier,</subfield>
         <subfield code="c">1847</subfield>
      </datafield>
      <datafield tag="300" ind1=" " ind2=" ">
         <subfield code="a">249 s. :</subfield>
         <subfield code="b">il. ;</subfield>
         <subfield code="c">8°</subfield>
      </datafield>
      <datafield tag="546" ind1=" " ind2=" ">
         <subfield code="a">Tištěno švabachem</subfield>
      </datafield>
      <datafield tag="650" ind1="0" ind2="7">
         <subfield code="a">hospodářské rostliny</subfield>
         <subfield code="2">agroterm</subfield>
      </datafield>
      <datafield tag="650" ind1="0" ind2="7">
         <subfield code="a">pěstování</subfield>
         <subfield code="2">agroterm</subfield>
      </datafield>
      <datafield tag="650" ind1="0" ind2="7">
         <subfield code="a">jídla</subfield>
         <subfield code="2">agroterm</subfield>
      </datafield>
      <datafield tag="655" ind1=" " ind2="7">
         <subfield code="a">staré tisky</subfield>
         <subfield code="7">fd422076</subfield>
         <subfield code="2">czenas</subfield>
      </datafield>
      <datafield tag="910" ind1=" " ind2=" ">
         <subfield code="a">ABA009</subfield>
         <subfield code="k">r</subfield>
      </datafield>
      <controlfield tag="SYS"/>
   </record>