
   <record>
      <leader>00000cam a22     7a 4500</leader>
      <controlfield tag="FMT"/>
      <controlfield tag="001">uzp000191457</controlfield>
      <controlfield tag="003">CZ PrUZP</controlfield>
      <controlfield tag="005">20120228122737.0</controlfield>
      <controlfield tag="007">ta</controlfield>
      <controlfield tag="008">030814s1872    xr     e            cze</controlfield>
      <datafield tag="040" ind1=" " ind2=" ">
         <subfield code="a">OLA001</subfield>
         <subfield code="b">cze</subfield>
         <subfield code="d">ABA009</subfield>
      </datafield>
      <datafield tag="072" ind1=" " ind2="7">
         <subfield code="a">635</subfield>
         <subfield code="x">Zahrádkářství</subfield>
         <subfield code="2">Konspekt</subfield>
         <subfield code="9">24</subfield>
      </datafield>
      <datafield tag="080" ind1=" " ind2=" ">
         <subfield code="a">635.9</subfield>
         <subfield code="2">MRF</subfield>
      </datafield>
      <datafield tag="084" ind1=" " ind2=" ">
         <subfield code="a">UF02D</subfield>
         <subfield code="2">agrovoc</subfield>
      </datafield>
      <datafield tag="100" ind1="1" ind2=" ">
         <subfield code="a">Kalandra, Čeněk,</subfield>
         <subfield code="d">1848-1928</subfield>
         <subfield code="7">jk01052611</subfield>
         <subfield code="4">aut</subfield>
      </datafield>
      <datafield tag="245" ind1="1" ind2="0">
         <subfield code="a">Pěstování květin v pokoji :</subfield>
         <subfield code="b">praktický a úplný návod jak pěstiti, ošetřovati a rozmnožovati květiny za okny našich příbytků /</subfield>
         <subfield code="c">Čeněk Kalandra</subfield>
      </datafield>
      <datafield tag="260" ind1=" " ind2=" ">
         <subfield code="a">Milotice u Hranic :</subfield>
         <subfield code="b">"Hospodář",</subfield>
         <subfield code="c">[1872]</subfield>
         <subfield code="f">(Fr. Vaněk</subfield>
         <subfield code="e">ve Valašském Meziříčí)</subfield>
      </datafield>
      <datafield tag="300" ind1=" " ind2=" ">
         <subfield code="a">88 s. ;</subfield>
         <subfield code="b">il.</subfield>
         <subfield code="c">8°</subfield>
      </datafield>
      <datafield tag="650" ind1="0" ind2="7">
         <subfield code="a">rostliny pokojové</subfield>
         <subfield code="2">agroterm</subfield>
      </datafield>
      <datafield tag="650" ind1="0" ind2="7">
         <subfield code="a">květiny pokojové</subfield>
         <subfield code="2">agroterm</subfield>
      </datafield>
      <datafield tag="650" ind1="0" ind2="7">
         <subfield code="a">pěstování</subfield>
         <subfield code="2">agroterm</subfield>
      </datafield>
      <datafield tag="650" ind1="0" ind2="7">
         <subfield code="a">rozmnožování rostlin</subfield>
         <subfield code="2">agroterm</subfield>
      </datafield>
      <datafield tag="910" ind1=" " ind2=" ">
         <subfield code="a">ABA009</subfield>
         <subfield code="k">r</subfield>
      </datafield>
      <controlfield tag="SYS"/>
   </record>