
   <record>
      <leader>00000cam a2200313 a 4500</leader>
      <controlfield tag="FMT"/>
      <controlfield tag="001">uzp000191973</controlfield>
      <controlfield tag="003">CZ PrUZP</controlfield>
      <controlfield tag="005">20120208144243.0</controlfield>
      <controlfield tag="007">ta</controlfield>
      <controlfield tag="008">101209s1866    xr a   e f    000 0 cze</controlfield>
      <datafield tag="040" ind1=" " ind2=" ">
         <subfield code="a">ABA001</subfield>
         <subfield code="b">cze</subfield>
         <subfield code="d">ABA009</subfield>
      </datafield>
      <datafield tag="072" ind1=" " ind2="7">
         <subfield code="a">635</subfield>
         <subfield code="x">Zahrádkářství</subfield>
         <subfield code="2">Konspekt</subfield>
         <subfield code="9">24</subfield>
      </datafield>
      <datafield tag="072" ind1=" " ind2="7">
         <subfield code="a">635</subfield>
         <subfield code="x">Zahrádkářství</subfield>
         <subfield code="2">Konspekt</subfield>
         <subfield code="9">24</subfield>
      </datafield>
      <datafield tag="080" ind1=" " ind2=" ">
         <subfield code="a">634/635</subfield>
         <subfield code="2">MRF</subfield>
      </datafield>
      <datafield tag="080" ind1=" " ind2=" ">
         <subfield code="a">635.01</subfield>
         <subfield code="2">MRF</subfield>
      </datafield>
      <datafield tag="080" ind1=" " ind2=" ">
         <subfield code="a">(035)</subfield>
         <subfield code="2">MRF</subfield>
      </datafield>
      <datafield tag="084" ind1=" " ind2=" ">
         <subfield code="a">UF02A</subfield>
         <subfield code="2">agrovoc</subfield>
      </datafield>
      <datafield tag="100" ind1="1" ind2=" ">
         <subfield code="a">Šámal, Jan,</subfield>
         <subfield code="d">1791-1866</subfield>
         <subfield code="7">jk01122446</subfield>
         <subfield code="4">aut</subfield>
      </datafield>
      <datafield tag="245" ind1="1" ind2="0">
         <subfield code="a">Venkovský zahradník :</subfield>
         <subfield code="b">kniha udávající nejlepší prostředky, jimiž by zahrady vesničanů bez velkého peněžitého i hmotného namáhání daly se uspořádati tak, by hospodářovi co možná největšího užitku a blahobytu poskytovaly /</subfield>
         <subfield code="c">sepsal Jan Šámal</subfield>
      </datafield>
      <datafield tag="260" ind1=" " ind2=" ">
         <subfield code="a">V Mladé Boleslavi :</subfield>
         <subfield code="b">J. Šámal,</subfield>
         <subfield code="c">1866</subfield>
         <subfield code="f">(Tisk Jos. Zvikla)</subfield>
      </datafield>
      <datafield tag="300" ind1=" " ind2=" ">
         <subfield code="a">158 s. :</subfield>
         <subfield code="b">il. ;</subfield>
         <subfield code="c">20 cm</subfield>
      </datafield>
      <datafield tag="650" ind1="0" ind2="7">
         <subfield code="a">zahrádkářství</subfield>
         <subfield code="2">agroterm</subfield>
      </datafield>
      <datafield tag="650" ind1="0" ind2="7">
         <subfield code="a">pěstování</subfield>
         <subfield code="2">agroterm</subfield>
      </datafield>
      <datafield tag="650" ind1="0" ind2="7">
         <subfield code="a">rostliny zahradní</subfield>
         <subfield code="2">agroterm</subfield>
      </datafield>
      <datafield tag="650" ind1="0" ind2="7">
         <subfield code="a">zahrady</subfield>
         <subfield code="2">agroterm</subfield>
      </datafield>
      <datafield tag="650" ind1="0" ind2="7">
         <subfield code="a">venkov</subfield>
         <subfield code="2">agroterm</subfield>
      </datafield>
      <datafield tag="655" ind1=" " ind2="7">
         <subfield code="a">příručky</subfield>
         <subfield code="7">fd133209</subfield>
         <subfield code="2">czenas</subfield>
      </datafield>
      <datafield tag="910" ind1=" " ind2=" ">
         <subfield code="a">ABA009</subfield>
         <subfield code="k">r</subfield>
      </datafield>
      <controlfield tag="SYS"/>
   </record>