
   <record>
      <leader>00000nam a22      a 4500</leader>
      <controlfield tag="FMT"/>
      <controlfield tag="001">uzp000197867</controlfield>
      <controlfield tag="003">CZ PrUZP</controlfield>
      <controlfield tag="005">20170125115106.0</controlfield>
      <controlfield tag="007">ta</controlfield>
      <controlfield tag="008">000509m19101911xr                  cze</controlfield>
      <datafield tag="015" ind1=" " ind2=" ">
         <subfield code="a">cnb000636833</subfield>
      </datafield>
      <datafield tag="040" ind1=" " ind2=" ">
         <subfield code="a">ABA001</subfield>
         <subfield code="b">cze</subfield>
         <subfield code="c">ABA001</subfield>
         <subfield code="d">ABA001</subfield>
         <subfield code="d">ABA009</subfield>
      </datafield>
      <datafield tag="072" ind1=" " ind2="7">
         <subfield code="a">59</subfield>
         <subfield code="x">Zoologie</subfield>
         <subfield code="2">Konspekt</subfield>
         <subfield code="9">2</subfield>
      </datafield>
      <datafield tag="080" ind1=" " ind2=" ">
         <subfield code="a">598.2</subfield>
         <subfield code="2">MRF</subfield>
      </datafield>
      <datafield tag="084" ind1=" " ind2=" ">
         <subfield code="a">UL01</subfield>
         <subfield code="2">agrovoc</subfield>
      </datafield>
      <datafield tag="245" ind1="0" ind2="0">
         <subfield code="a">Velký atlas ptáků ku Kněžourkovu Velkému přírodopisu ptáků /</subfield>
         <subfield code="c">názvoslovím opatřil K. Kněžourek</subfield>
      </datafield>
      <datafield tag="246" ind1="3" ind2="4">
         <subfield code="a">Kobrův velký atlas ptactva</subfield>
      </datafield>
      <datafield tag="260" ind1=" " ind2=" ">
         <subfield code="a">Praha :</subfield>
         <subfield code="b">Kober,</subfield>
         <subfield code="c">1910-1911</subfield>
      </datafield>
      <datafield tag="300" ind1=" " ind2=" ">
         <subfield code="a">4 sv. ;</subfield>
         <subfield code="c">fol.</subfield>
      </datafield>
      <datafield tag="490" ind1="1" ind2=" ">
         <subfield code="a">Kobrovy atlasy přírodovědecké</subfield>
      </datafield>
      <datafield tag="505" ind1="0" ind2=" ">
         <subfield code="a">I. Skupina I., II. 93 kolor. tab. ptáků, 8 tab. vajec a 4 tab. dravčích spárů. Názvoslovím opatř. K. Kněžourek. 1910. 93 tab. -- II. Skupina II., III., IV. 90 kolor. tab. ptáků. 10 tabulí vajec. 1910. IV l., C tab. -- III. Skupina IV., V. 82 kolorovaných tabulí ptáků, 16 tabulí vajec. 1911. 2 l., II s., C tab. -- IV. Skupina VI., VII. a VIII. 105 kolorovaných tabulí ptáků, 16 tabulí vajec. 1911. 2 l., CXXI tab.</subfield>
      </datafield>
      <datafield tag="650" ind1="0" ind2="7">
         <subfield code="a">ptáci</subfield>
         <subfield code="2">agroterm</subfield>
      </datafield>
      <datafield tag="650" ind1="0" ind2="7">
         <subfield code="a">atlasy ornitologické</subfield>
         <subfield code="2">agroterm</subfield>
      </datafield>
      <datafield tag="650" ind1="0" ind2="7">
         <subfield code="a">ornitologie</subfield>
         <subfield code="2">agroterm</subfield>
      </datafield>
      <datafield tag="653" ind1=" " ind2=" ">
         <subfield code="a">ilustrace</subfield>
      </datafield>
      <datafield tag="655" ind1=" " ind2="7">
         <subfield code="a">atlasy</subfield>
         <subfield code="7">fd131835</subfield>
         <subfield code="2">czenas</subfield>
      </datafield>
      <datafield tag="700" ind1="1" ind2=" ">
         <subfield code="a">Kněžourek, Karel,</subfield>
         <subfield code="d">1857-1920</subfield>
         <subfield code="7">jk01060811</subfield>
         <subfield code="4">aut</subfield>
      </datafield>
      <datafield tag="830" ind1=" " ind2="0">
         <subfield code="a">Kobrovy atlasy přírodovědecké</subfield>
      </datafield>
      <datafield tag="910" ind1=" " ind2=" ">
         <subfield code="a">ABA009</subfield>
      </datafield>
      <controlfield tag="SYS"/>
   </record>