
   <record>
      <leader>00000nam a22      a 4500</leader>
      <controlfield tag="FMT"/>
      <controlfield tag="001">uzp000198848</controlfield>
      <controlfield tag="003">CZ PrUZP</controlfield>
      <controlfield tag="005">20130909114211.0</controlfield>
      <controlfield tag="008">000428s1882    xr                  cze</controlfield>
      <datafield tag="040" ind1=" " ind2=" ">
         <subfield code="b">cze</subfield>
         <subfield code="a">ABA009</subfield>
      </datafield>
      <datafield tag="072" ind1=" " ind2="7">
         <subfield code="a">634</subfield>
         <subfield code="x">Ovocnářství</subfield>
         <subfield code="2">Konspekt</subfield>
         <subfield code="9">24</subfield>
      </datafield>
      <datafield tag="080" ind1=" " ind2=" ">
         <subfield code="a">634</subfield>
         <subfield code="2">MRF</subfield>
      </datafield>
      <datafield tag="084" ind1=" " ind2=" ">
         <subfield code="a">UF02A</subfield>
         <subfield code="2">agrovoc</subfield>
      </datafield>
      <datafield tag="100" ind1="1" ind2=" ">
         <subfield code="a">Večeř, Antonín,</subfield>
         <subfield code="d">1853-1941</subfield>
         <subfield code="7">jk01141868</subfield>
         <subfield code="4">aut</subfield>
      </datafield>
      <datafield tag="245" ind1="1" ind2="0">
         <subfield code="a">Pěstování stromů ovocných se zvláštním zřetelem na výnosné zakládání stromořadí při cestách veřejných i soukromých /</subfield>
         <subfield code="c">Ing. Antonín Večeř</subfield>
      </datafield>
      <datafield tag="260" ind1=" " ind2=" ">
         <subfield code="a">Praha :</subfield>
         <subfield code="b">Kober,</subfield>
         <subfield code="c">[1882]</subfield>
      </datafield>
      <datafield tag="300" ind1=" " ind2=" ">
         <subfield code="a">73 s. :</subfield>
         <subfield code="b">il.</subfield>
      </datafield>
      <datafield tag="650" ind1="0" ind2="7">
         <subfield code="a">stromy ovocné</subfield>
         <subfield code="2">agroterm</subfield>
      </datafield>
      <datafield tag="650" ind1="0" ind2="7">
         <subfield code="a">pěstování</subfield>
         <subfield code="2">agroterm</subfield>
      </datafield>
      <datafield tag="650" ind1="0" ind2="7">
         <subfield code="a">stromořadí</subfield>
         <subfield code="2">agroterm</subfield>
      </datafield>
      <datafield tag="650" ind1="0" ind2="7">
         <subfield code="a">zákony</subfield>
         <subfield code="2">agroterm</subfield>
      </datafield>
      <datafield tag="651" ind1=" " ind2="7">
         <subfield code="a">Rakousko-Uhersko</subfield>
         <subfield code="7">ge130613</subfield>
         <subfield code="2">czenas</subfield>
      </datafield>
      <datafield tag="910" ind1=" " ind2=" ">
         <subfield code="a">ABA009</subfield>
         <subfield code="k">r</subfield>
      </datafield>
      <controlfield tag="SYS"/>
   </record>