
   <record>
      <leader>00000cam a22     7a 4500</leader>
      <controlfield tag="FMT"/>
      <controlfield tag="001">uzp000204000</controlfield>
      <controlfield tag="003">CZ PrUZP</controlfield>
      <controlfield tag="005">20131111155859.0</controlfield>
      <controlfield tag="007">ta</controlfield>
      <controlfield tag="008">090924s1881    xr a   e f    000 0 cze</controlfield>
      <datafield tag="040" ind1=" " ind2=" ">
         <subfield code="d">ABA009</subfield>
         <subfield code="a">ABA001</subfield>
         <subfield code="b">cze</subfield>
      </datafield>
      <datafield tag="072" ind1=" " ind2="7">
         <subfield code="a">630</subfield>
         <subfield code="x">Lesnictví</subfield>
         <subfield code="2">Konspekt</subfield>
         <subfield code="9">24</subfield>
      </datafield>
      <datafield tag="080" ind1=" " ind2=" ">
         <subfield code="a">582.091/.097:630</subfield>
         <subfield code="2">MRF</subfield>
      </datafield>
      <datafield tag="080" ind1=" " ind2=" ">
         <subfield code="a">630.114</subfield>
         <subfield code="2">MRF</subfield>
      </datafield>
      <datafield tag="080" ind1=" " ind2=" ">
         <subfield code="a">(035)</subfield>
         <subfield code="2">MRF</subfield>
      </datafield>
      <datafield tag="084" ind1=" " ind2=" ">
         <subfield code="a">UK01</subfield>
         <subfield code="2">agrovoc</subfield>
      </datafield>
      <datafield tag="100" ind1="1" ind2=" ">
         <subfield code="a">Černý, Josef Vilém,</subfield>
         <subfield code="d">1841-1905</subfield>
         <subfield code="7">jk01021581</subfield>
         <subfield code="4">aut</subfield>
      </datafield>
      <datafield tag="245" ind1="1" ind2="0">
         <subfield code="a">Nauka o lesnictví pro hospodáře.</subfield>
         <subfield code="n">Čásť I.,</subfield>
         <subfield code="p">Přírodopis lesa /</subfield>
         <subfield code="c">sepsali J.V. Černý a F.J. Cicvárek</subfield>
      </datafield>
      <datafield tag="246" ind1="3" ind2="0">
         <subfield code="a">Přírodopis lesa</subfield>
      </datafield>
      <datafield tag="260" ind1=" " ind2=" ">
         <subfield code="a">V Praze :</subfield>
         <subfield code="b">I.L. Kober,</subfield>
         <subfield code="c">1881</subfield>
      </datafield>
      <datafield tag="300" ind1=" " ind2=" ">
         <subfield code="a">219 [i.e. 119] s. :</subfield>
         <subfield code="b">il. ;</subfield>
         <subfield code="c">19 cm</subfield>
      </datafield>
      <datafield tag="490" ind1="1" ind2=" ">
         <subfield code="a">Bibliotéka polního hospodářství ;</subfield>
         <subfield code="v">sv. 4</subfield>
      </datafield>
      <datafield tag="650" ind1="0" ind2="7">
         <subfield code="a">dřeviny lesní</subfield>
         <subfield code="2">agroterm</subfield>
      </datafield>
      <datafield tag="650" ind1="0" ind2="7">
         <subfield code="a">lesnictví</subfield>
         <subfield code="2">agroterm</subfield>
      </datafield>
      <datafield tag="650" ind1="0" ind2="7">
         <subfield code="a">půdy lesní</subfield>
         <subfield code="2">agroterm</subfield>
      </datafield>
      <datafield tag="650" ind1="0" ind2="7">
         <subfield code="a">stromy lesní</subfield>
         <subfield code="2">agroterm</subfield>
      </datafield>
      <datafield tag="655" ind1=" " ind2="7">
         <subfield code="a">příručky</subfield>
         <subfield code="7">fd133209</subfield>
         <subfield code="2">czenas</subfield>
      </datafield>
      <datafield tag="700" ind1="1" ind2=" ">
         <subfield code="a">Cicvárek, František J.,</subfield>
         <subfield code="d">1849-1913</subfield>
         <subfield code="7">jk01020655</subfield>
         <subfield code="4">aut</subfield>
      </datafield>
      <datafield tag="830" ind1=" " ind2="0">
         <subfield code="a">Bibliotéka polního hospodářství</subfield>
         <subfield code="0">s</subfield>
      </datafield>
      <datafield tag="910" ind1=" " ind2=" ">
         <subfield code="a">ABA009</subfield>
      </datafield>
      <controlfield tag="SYS"/>
   </record>