
   <record>
      <leader>00000cam a22      a 4500</leader>
      <controlfield tag="FMT"/>
      <controlfield tag="001">uzp000204063</controlfield>
      <controlfield tag="003">CZ PrUZP</controlfield>
      <controlfield tag="005">20120424120851.0</controlfield>
      <controlfield tag="007">ta</controlfield>
      <controlfield tag="008">060630s1877    xr a   e f    000 0 cze</controlfield>
      <datafield tag="040" ind1=" " ind2=" ">
         <subfield code="a">ABA001</subfield>
         <subfield code="d">ABA009</subfield>
         <subfield code="b">cze</subfield>
      </datafield>
      <datafield tag="041" ind1="0" ind2=" ">
         <subfield code="a">cze</subfield>
         <subfield code="a">ger</subfield>
      </datafield>
      <datafield tag="072" ind1=" " ind2="7">
         <subfield code="a">638</subfield>
         <subfield code="x">Včelařství</subfield>
         <subfield code="2">Konspekt</subfield>
         <subfield code="9">24</subfield>
      </datafield>
      <datafield tag="080" ind1=" " ind2=" ">
         <subfield code="a">638.1</subfield>
         <subfield code="2">MRF</subfield>
      </datafield>
      <datafield tag="080" ind1=" " ind2=" ">
         <subfield code="a">(035)</subfield>
         <subfield code="2">MRF</subfield>
      </datafield>
      <datafield tag="084" ind1=" " ind2=" ">
         <subfield code="a">UL027</subfield>
         <subfield code="2">agrovoc</subfield>
      </datafield>
      <datafield tag="100" ind1="1" ind2=" ">
         <subfield code="a">Čermák, Václav,</subfield>
         <subfield code="d">1835-1915</subfield>
         <subfield code="7">jk01021355</subfield>
         <subfield code="4">aut</subfield>
      </datafield>
      <datafield tag="245" ind1="1" ind2="0">
         <subfield code="a">Jádro theoreticko-praktického včelařství /</subfield>
         <subfield code="c">ze spolehlivých a osvědčených pramenův a na základě vlastních zkušeností sepsal Václav Čermák</subfield>
      </datafield>
      <datafield tag="260" ind1=" " ind2=" ">
         <subfield code="a">V Praze :</subfield>
         <subfield code="b">I.L. Kober,</subfield>
         <subfield code="c">1877</subfield>
      </datafield>
      <datafield tag="300" ind1=" " ind2=" ">
         <subfield code="a">106 s. :</subfield>
         <subfield code="b">il. ;</subfield>
         <subfield code="c">18 cm</subfield>
      </datafield>
      <datafield tag="490" ind1="1" ind2=" ">
         <subfield code="a">Rolník nového věku ;</subfield>
         <subfield code="v">sv. 50</subfield>
      </datafield>
      <datafield tag="500" ind1=" " ind2=" ">
         <subfield code="a">Česko-německý slovníček</subfield>
      </datafield>
      <datafield tag="546" ind1=" " ind2=" ">
         <subfield code="a">Německý text tištěn švabachem</subfield>
      </datafield>
      <datafield tag="650" ind1="0" ind2="7">
         <subfield code="a">včelařství</subfield>
         <subfield code="2">agroterm</subfield>
      </datafield>
      <datafield tag="650" ind1="0" ind2="7">
         <subfield code="a">chov včel</subfield>
         <subfield code="2">agroterm</subfield>
      </datafield>
      <datafield tag="655" ind1=" " ind2="7">
         <subfield code="a">příručky</subfield>
         <subfield code="7">fd133209</subfield>
         <subfield code="2">czenas</subfield>
      </datafield>
      <datafield tag="830" ind1=" " ind2="0">
         <subfield code="a">Rolník nového věku</subfield>
         <subfield code="0">s</subfield>
      </datafield>
      <datafield tag="910" ind1=" " ind2=" ">
         <subfield code="a">ABA009</subfield>
      </datafield>
      <controlfield tag="SYS"/>
   </record>