
   <record>
      <leader>00000cam a22      a 4500</leader>
      <controlfield tag="FMT"/>
      <controlfield tag="001">uzp000216019</controlfield>
      <controlfield tag="003">CZ PrUZP</controlfield>
      <controlfield tag="005">20131023145409.0</controlfield>
      <controlfield tag="007">ta</controlfield>
      <controlfield tag="008">041102s1818    xr     e f    000 0 cze</controlfield>
      <datafield tag="015" ind1=" " ind2=" ">
         <subfield code="a">cnb001471789</subfield>
      </datafield>
      <datafield tag="020" ind1=" " ind2=" ">
         <subfield code="a">(Váz.)</subfield>
      </datafield>
      <datafield tag="035" ind1=" " ind2=" ">
         <subfield code="a">(OCoLC)85122872</subfield>
      </datafield>
      <datafield tag="040" ind1=" " ind2=" ">
         <subfield code="a">ABA001</subfield>
         <subfield code="b">cze</subfield>
         <subfield code="d">ABA009</subfield>
      </datafield>
      <datafield tag="072" ind1=" " ind2="7">
         <subfield code="a">094</subfield>
         <subfield code="x">Staré tisky</subfield>
         <subfield code="2">Konspekt</subfield>
         <subfield code="9">12</subfield>
      </datafield>
      <datafield tag="072" ind1=" " ind2="7">
         <subfield code="a">633</subfield>
         <subfield code="x">Rostlinná výroba</subfield>
         <subfield code="2">Konspekt</subfield>
         <subfield code="9">24</subfield>
      </datafield>
      <datafield tag="080" ind1=" " ind2=" ">
         <subfield code="a">633.526</subfield>
         <subfield code="2">MRF</subfield>
      </datafield>
      <datafield tag="080" ind1=" " ind2=" ">
         <subfield code="a">(035)</subfield>
         <subfield code="2">MRF</subfield>
      </datafield>
      <datafield tag="084" ind1=" " ind2=" ">
         <subfield code="a">UF028</subfield>
         <subfield code="2">agrovoc</subfield>
      </datafield>
      <datafield tag="100" ind1="1" ind2=" ">
         <subfield code="a">Janiš, Josef Antonín,</subfield>
         <subfield code="d">1749-1821</subfield>
         <subfield code="7">jk01050963</subfield>
         <subfield code="4">aut</subfield>
      </datafield>
      <datafield tag="245" ind1="1" ind2="0">
         <subfield code="a">Poučenj o setj, hleděnj a zkljzenj lnu y o připrawowánj ho k přediwu /</subfield>
         <subfield code="c">sepsané pro obecného kragana dle dwadcýtileté zkussenosti od Jozefa Janisse</subfield>
      </datafield>
      <datafield tag="246" ind1="3" ind2=" ">
         <subfield code="a">Poučení o setí, hledění a sklízení lnu i o připravování ho k předivu</subfield>
      </datafield>
      <datafield tag="260" ind1=" " ind2=" ">
         <subfield code="a">W Praze :</subfield>
         <subfield code="b">Bohumil Háze,</subfield>
         <subfield code="c">1818</subfield>
      </datafield>
      <datafield tag="300" ind1=" " ind2=" ">
         <subfield code="a">86 s. ;</subfield>
         <subfield code="c">19 cm</subfield>
      </datafield>
      <datafield tag="546" ind1=" " ind2=" ">
         <subfield code="a">Tištěno švabachem</subfield>
      </datafield>
      <datafield tag="650" ind1="0" ind2="7">
         <subfield code="a">len</subfield>
         <subfield code="2">agroterm</subfield>
      </datafield>
      <datafield tag="650" ind1="0" ind2="7">
         <subfield code="a">pěstování</subfield>
         <subfield code="2">agroterm</subfield>
      </datafield>
      <datafield tag="650" ind1="0" ind2="7">
         <subfield code="a">zpracování</subfield>
         <subfield code="2">agroterm</subfield>
      </datafield>
      <datafield tag="650" ind1="0" ind2="7">
         <subfield code="a">lnářství</subfield>
         <subfield code="2">agroterm</subfield>
      </datafield>
      <datafield tag="655" ind1=" " ind2="7">
         <subfield code="a">staré tisky</subfield>
         <subfield code="7">fd422076</subfield>
         <subfield code="2">czenas</subfield>
      </datafield>
      <datafield tag="900" ind1=" " ind2=" ">
         <subfield code="a">ABA001</subfield>
         <subfield code="b">15</subfield>
      </datafield>
      <datafield tag="910" ind1=" " ind2=" ">
         <subfield code="a">ABA009</subfield>
         <subfield code="k">r</subfield>
      </datafield>
      <controlfield tag="SYS"/>
   </record>