
   <record>
      <leader>00000cam a22      a 4500</leader>
      <controlfield tag="FMT"/>
      <controlfield tag="001">uzp000216052</controlfield>
      <controlfield tag="003">CZ PrUZP</controlfield>
      <controlfield tag="005">20131024103032.0</controlfield>
      <controlfield tag="007">ta</controlfield>
      <controlfield tag="008">101013s1864    xr     e l    000 0 cze</controlfield>
      <datafield tag="015" ind1=" " ind2=" ">
         <subfield code="a">cnb002131121</subfield>
      </datafield>
      <datafield tag="040" ind1=" " ind2=" ">
         <subfield code="a">ABA001</subfield>
         <subfield code="b">cze</subfield>
         <subfield code="d">ABA009</subfield>
      </datafield>
      <datafield tag="043" ind1=" " ind2=" ">
         <subfield code="a">e-xr---</subfield>
      </datafield>
      <datafield tag="045" ind1=" " ind2=" ">
         <subfield code="a">w6w6</subfield>
      </datafield>
      <datafield tag="072" ind1=" " ind2="7">
         <subfield code="a">347.7</subfield>
         <subfield code="x">Obchodní právo. Finanční právo. Právo průmyslového vlastnictví. Patentové právo. Autorské právo</subfield>
         <subfield code="2">Konspekt</subfield>
         <subfield code="9">16</subfield>
      </datafield>
      <datafield tag="080" ind1=" " ind2=" ">
         <subfield code="a">347.73</subfield>
         <subfield code="2">MRF</subfield>
      </datafield>
      <datafield tag="080" ind1=" " ind2=" ">
         <subfield code="a">63</subfield>
         <subfield code="2">MRF</subfield>
      </datafield>
      <datafield tag="080" ind1=" " ind2=" ">
         <subfield code="a">334.732.2</subfield>
         <subfield code="2">MRF</subfield>
      </datafield>
      <datafield tag="080" ind1=" " ind2=" ">
         <subfield code="a">(437.3)</subfield>
         <subfield code="2">MRF</subfield>
      </datafield>
      <datafield tag="080" ind1=" " ind2=" ">
         <subfield code="a">(094.5)</subfield>
         <subfield code="2">MRF</subfield>
      </datafield>
      <datafield tag="080" ind1=" " ind2=" ">
         <subfield code="a">(0.072)</subfield>
         <subfield code="2">MRF</subfield>
      </datafield>
      <datafield tag="084" ind1=" " ind2=" ">
         <subfield code="a">UD02</subfield>
         <subfield code="2">agrovoc</subfield>
      </datafield>
      <datafield tag="100" ind1="1" ind2=" ">
         <subfield code="a">Trojan, Alois Pravoslav,</subfield>
         <subfield code="d">1815-1893</subfield>
         <subfield code="7">jk01140180</subfield>
         <subfield code="4">cwt</subfield>
      </datafield>
      <datafield tag="245" ind1="1" ind2="0">
         <subfield code="a">Zákon o sýpkách obecných a fondech peněžných k nim příslušících v království českém :</subfield>
         <subfield code="b">výklad s úvahou /</subfield>
         <subfield code="c">od Pravoslava Aloisia Trojana</subfield>
      </datafield>
      <datafield tag="260" ind1=" " ind2=" ">
         <subfield code="a">V Praze :</subfield>
         <subfield code="b">Tiskem a nákladem Dra. Ed. Grégra,</subfield>
         <subfield code="c">1864</subfield>
      </datafield>
      <datafield tag="300" ind1=" " ind2=" ">
         <subfield code="a">84 s. ;</subfield>
         <subfield code="c">20 cm</subfield>
      </datafield>
      <datafield tag="648" ind1=" " ind2="7">
         <subfield code="a">19. stol.</subfield>
         <subfield code="7">ch460557</subfield>
         <subfield code="2">czenas</subfield>
      </datafield>
      <datafield tag="648" ind1=" " ind2="4">
         <subfield code="a">1863</subfield>
      </datafield>
      <datafield tag="650" ind1="0" ind2="7">
         <subfield code="a">sýpky</subfield>
         <subfield code="2">agroterm</subfield>
      </datafield>
      <datafield tag="650" ind1="0" ind2="7">
         <subfield code="a">zemědělství</subfield>
         <subfield code="2">agroterm</subfield>
      </datafield>
      <datafield tag="650" ind1="0" ind2="7">
         <subfield code="a">družstevnictví</subfield>
         <subfield code="2">agroterm</subfield>
      </datafield>
      <datafield tag="651" ind1=" " ind2="7">
         <subfield code="a">České království</subfield>
         <subfield code="7">ge745334</subfield>
         <subfield code="2">czenas</subfield>
      </datafield>
      <datafield tag="653" ind1="0" ind2=" ">
         <subfield code="a">sýpky obecní</subfield>
      </datafield>
      <datafield tag="653" ind1="0" ind2=" ">
         <subfield code="a">družstva peněžní</subfield>
      </datafield>
      <datafield tag="655" ind1=" " ind2="7">
         <subfield code="a">zákony</subfield>
         <subfield code="7">fd133886</subfield>
         <subfield code="2">czenas</subfield>
      </datafield>
      <datafield tag="655" ind1=" " ind2="7">
         <subfield code="a">komentáře</subfield>
         <subfield code="7">fd132578</subfield>
         <subfield code="2">czenas</subfield>
      </datafield>
      <datafield tag="710" ind1="1" ind2="2">
         <subfield code="a">České království.</subfield>
         <subfield code="t">Zákon o peněžných fondech kontribučenských pro Království české (1863)</subfield>
         <subfield code="7">kon2010602486</subfield>
      </datafield>
      <datafield tag="900" ind1=" " ind2=" ">
         <subfield code="a">ABA001</subfield>
         <subfield code="b">16</subfield>
      </datafield>
      <datafield tag="910" ind1=" " ind2=" ">
         <subfield code="a">ABA009</subfield>
         <subfield code="k">r</subfield>
      </datafield>
      <datafield tag="928" ind1="9" ind2=" ">
         <subfield code="a">Dr. Ed. Grégr</subfield>
      </datafield>
      <datafield tag="928" ind1="9" ind2=" ">
         <subfield code="a">Ed. Grégr</subfield>
      </datafield>
      <controlfield tag="SYS"/>
   </record>