
   <record>
      <leader>00000nam a22      a 4500</leader>
      <controlfield tag="FMT"/>
      <controlfield tag="001">uzp000217013</controlfield>
      <controlfield tag="003">CZ PrUZP</controlfield>
      <controlfield tag="005">20140206083026.0</controlfield>
      <controlfield tag="007">ta</controlfield>
      <controlfield tag="008">050723s1864    xr a   f      000 0 cze d</controlfield>
      <datafield tag="040" ind1=" " ind2=" ">
         <subfield code="a">ABA009</subfield>
         <subfield code="b">cze</subfield>
         <subfield code="9">2</subfield>
      </datafield>
      <datafield tag="072" ind1=" " ind2="7">
         <subfield code="a">094.5</subfield>
         <subfield code="x">Tisky (19. stol.)</subfield>
         <subfield code="2">Konspekt</subfield>
         <subfield code="9">12</subfield>
      </datafield>
      <datafield tag="072" ind1=" " ind2="7">
         <subfield code="a">636</subfield>
         <subfield code="x">Živočišná výroba</subfield>
         <subfield code="2">Konspekt</subfield>
         <subfield code="9">24</subfield>
      </datafield>
      <datafield tag="080" ind1=" " ind2=" ">
         <subfield code="a">636.5</subfield>
         <subfield code="2">MRF</subfield>
      </datafield>
      <datafield tag="084" ind1=" " ind2=" ">
         <subfield code="a">UL023</subfield>
         <subfield code="2">agrovoc</subfield>
      </datafield>
      <datafield tag="100" ind1="1" ind2=" ">
         <subfield code="a">Lambl, Jan Baptista,</subfield>
         <subfield code="d">1826-1909</subfield>
         <subfield code="7">jk01071434</subfield>
         <subfield code="4">aut</subfield>
      </datafield>
      <datafield tag="245" ind1="1" ind2="0">
         <subfield code="a">Nauka o chování všeho druhu drůbeže /</subfield>
         <subfield code="c">dle dobrých spisů sestavil a vlastními zkušenostmi doplnil J. H. Hušek</subfield>
      </datafield>
      <datafield tag="260" ind1=" " ind2=" ">
         <subfield code="a">V Praze :</subfield>
         <subfield code="b">I. L. Kober,</subfield>
         <subfield code="c">1864</subfield>
      </datafield>
      <datafield tag="300" ind1=" " ind2=" ">
         <subfield code="a">151 s. :</subfield>
         <subfield code="b">il.</subfield>
      </datafield>
      <datafield tag="490" ind1="1" ind2=" ">
         <subfield code="a">Rolník nového věku ;</subfield>
         <subfield code="v">seš. 13</subfield>
      </datafield>
      <datafield tag="500" ind1=" " ind2=" ">
         <subfield code="a">S 24 vyobrazeními</subfield>
      </datafield>
      <datafield tag="650" ind1="0" ind2="7">
         <subfield code="a">drůbež</subfield>
         <subfield code="2">agroterm</subfield>
      </datafield>
      <datafield tag="650" ind1="0" ind2="7">
         <subfield code="a">chov drůbeže</subfield>
         <subfield code="2">agroterm</subfield>
      </datafield>
      <datafield tag="650" ind1="0" ind2="7">
         <subfield code="a">biologie zvířat</subfield>
         <subfield code="2">agroterm</subfield>
      </datafield>
      <datafield tag="650" ind1="0" ind2="7">
         <subfield code="a">plemena drůbeže</subfield>
         <subfield code="2">agroterm</subfield>
      </datafield>
      <datafield tag="650" ind1="0" ind2="7">
         <subfield code="a">líhnutí</subfield>
         <subfield code="2">agroterm</subfield>
      </datafield>
      <datafield tag="700" ind1="1" ind2=" ">
         <subfield code="a">Hušek, Jan Hostivít,</subfield>
         <subfield code="d">1815-1872</subfield>
         <subfield code="7">jk01043330</subfield>
         <subfield code="4">aut</subfield>
      </datafield>
      <datafield tag="830" ind1=" " ind2="0">
         <subfield code="a">Rolník nového věku</subfield>
      </datafield>
      <datafield tag="910" ind1=" " ind2=" ">
         <subfield code="a">ABA009</subfield>
         <subfield code="k">r</subfield>
      </datafield>
      <controlfield tag="SYS"/>
   </record>