
   <record>
      <leader>00000cam a22      a 4500</leader>
      <controlfield tag="FMT"/>
      <controlfield tag="001">uzp000219951</controlfield>
      <controlfield tag="003">CZ PrUZP</controlfield>
      <controlfield tag="005">20140409084935.0</controlfield>
      <controlfield tag="007">ta</controlfield>
      <controlfield tag="008">100316m18681869xr a   e      000 0 cze</controlfield>
      <datafield tag="015" ind1=" " ind2=" ">
         <subfield code="a">cnb002091039</subfield>
      </datafield>
      <datafield tag="040" ind1=" " ind2=" ">
         <subfield code="a">ABA001</subfield>
         <subfield code="b">cze</subfield>
         <subfield code="d">ABA009</subfield>
      </datafield>
      <datafield tag="072" ind1=" " ind2="7">
         <subfield code="a">631</subfield>
         <subfield code="x">Zemědělství. Pedologie. Agrotechnika. Agroekologie</subfield>
         <subfield code="2">Konspekt</subfield>
         <subfield code="9">24</subfield>
      </datafield>
      <datafield tag="080" ind1=" " ind2=" ">
         <subfield code="a">631.15</subfield>
         <subfield code="2">MRF</subfield>
      </datafield>
      <datafield tag="080" ind1=" " ind2=" ">
         <subfield code="a">(0.062)</subfield>
         <subfield code="2">MRF</subfield>
      </datafield>
      <datafield tag="084" ind1=" " ind2=" ">
         <subfield code="a">UA01</subfield>
         <subfield code="2">agrovoc</subfield>
      </datafield>
      <datafield tag="245" ind1="0" ind2="0">
         <subfield code="a">Letopisy rolníka nového věku :</subfield>
         <subfield code="b">spis věnovaný novým výskumům naučným a povšechným zábyvům hospodárským /</subfield>
         <subfield code="c">vydavatel Jan B. Lambl ; redaktor: Ferdinand Janovský ; spolupracovníci A. Bělohoubek ... [et al.]</subfield>
      </datafield>
      <datafield tag="260" ind1=" " ind2=" ">
         <subfield code="a">V Praze :</subfield>
         <subfield code="b">I.L. Kober,</subfield>
         <subfield code="c">1868-1869</subfield>
      </datafield>
      <datafield tag="300" ind1=" " ind2=" ">
         <subfield code="a">2 sv. (135; 114 s.) :</subfield>
         <subfield code="b">il. ;</subfield>
         <subfield code="c">23 cm</subfield>
      </datafield>
      <datafield tag="650" ind1="0" ind2="7">
         <subfield code="a">zemědělství</subfield>
         <subfield code="2">agroterm</subfield>
      </datafield>
      <datafield tag="650" ind1="0" ind2="7">
         <subfield code="a">zemědělská výroba</subfield>
         <subfield code="2">agroterm</subfield>
      </datafield>
      <datafield tag="650" ind1="0" ind2="7">
         <subfield code="a">hospodaření</subfield>
         <subfield code="2">agroterm</subfield>
      </datafield>
      <datafield tag="655" ind1=" " ind2="7">
         <subfield code="a">populárně-naučné publikace</subfield>
         <subfield code="7">fd131864</subfield>
         <subfield code="2">czenas</subfield>
      </datafield>
      <datafield tag="700" ind1="1" ind2=" ">
         <subfield code="a">Lambl, Jan Baptista,</subfield>
         <subfield code="d">1826-1909</subfield>
         <subfield code="7">jk01071434</subfield>
         <subfield code="4">pbl</subfield>
      </datafield>
      <datafield tag="700" ind1="1" ind2=" ">
         <subfield code="a">Janovský, Ferdinand,</subfield>
         <subfield code="d">1839-1888</subfield>
         <subfield code="7">jk01051105</subfield>
         <subfield code="4">edt</subfield>
      </datafield>
      <datafield tag="700" ind1="1" ind2=" ">
         <subfield code="a">Bělohoubek, Antonín,</subfield>
         <subfield code="d">1845-1910</subfield>
         <subfield code="7">jk01011464</subfield>
         <subfield code="4">clb</subfield>
      </datafield>
      <datafield tag="910" ind1=" " ind2=" ">
         <subfield code="a">ABA009</subfield>
         <subfield code="k">r</subfield>
      </datafield>
      <controlfield tag="SYS"/>
   </record>